PREAMBLE{
 "\providecommand{\noopsort}[1]{}" 
 # "\providecommand{\singleletter}[1]{#1}%" 
}
@book{allen1989,
    author = {Allen, M. P. and Tildesley, D. J.},
    publisher = {Oxford University Press},
    series = {Oxford science publications},
    title = {Computer Simulation of Liquids},
    year = {1989},
}
@INCOLLECTION{allen2004,
AUTHOR    = {M. P. Allen}, 
Editor       = {N. Attig and K.t Binder and H. Grubm\"uller and K. Kremer},
TITLE        = {Introduction to Molecular Dynamics Simulation},
BOOKTITLE    = {Computational Soft Matter: From Synthetic Polymers to Proteins, Lecture Notes},
Pages        = {1--28},
Publisher    = {NIC Series},
Volume		 = {23},
YEAR         = {2004},
}
@article{andersson2008,
title = {Structure sensitivity of the methanation reaction: H2-induced \{CO\} dissociation on nickel surfaces },
journal = {Journal of Catalysis },
volume = {255},
number = {1},
pages = {6 - 19},
year = {2008},
issn = {0021-9517},
doi = {http://dx.doi.org/10.1016/j.jcat.2007.12.016},
url = {http://www.sciencedirect.com/science/article/pii/S0021951708000055},
author = {M.P. Andersson and F. Abild-Pedersen and I.N. Remediakis and T. Bligaard and G. Jones and J. Engbæk and O. Lytken and S. Horch and J.H. Nielsen and J. Sehested and J.R. Rostrup-Nielsen and J.K. Nørskov and I. Chorkendorff},
}

@article{arasa2008,
title = {Classical dynamics study of atomic oxygen sticking on the $\beta$-cristobalite (1 0 0) surface },
journal = {Surface Science },
volume = {602},
number = {4},
pages = {975 -- 985},
year = {2008},
doi = {http://dx.doi.org/10.1016/j.susc.2007.12.034},
author = {C. Arasa and H.F. Busnengo and A. Salin and R. Sayós},
}
@article{artrith2012,
Author = {N. Artrith and J. Behler},
Title = {High-dimensional neural network potentials for metal surfaces: A prototype study for copper},
Journal = {Physical Review B},
Year = {2012},
Volume = {85},
Pages = {045439},
}
@book{atkins2006,
    author = {P. Atkins and J. dePaula},
    publisher = {Oxford University Press},
    title = {Atkins' Physical Chemistry},
    year = {2006},
    edition = {8th},
}
@article{baer1997,
  title = {Hydrogen transport in nickel (111)},
  author = {Baer, R. and Zeiri, Y. and Kosloff, R.},
  journal = {Phys. Rev. B},
  volume = {55},
  issue = {16},
  pages = {10952--10952},
  year = {1997},
  publisher = {American Physical Society},
  doi = {10.1103/PhysRevB.55.10952},
}
@article{bahn2001,
        author={Bahn,S. R. and Jacobsen,K. W.},
        year={2001},
        title={Chain formation of metal atoms},
        journal={Physical Review Letters},
        volume={87},
        number={26},
        pages={2661011-2661014},
}
@Article{bahn2002,
Author = {S. R. Bahn and K. W. Jacobsen},
Title = {An object-oriented scripting interface to a legacy electronic structure code},
JournalFull = {COMPUTING IN SCIENCE \& ENGINEERING},
Year = {2002},
Volume = {4},
Number = {3},
Pages = {56-66},
}
@article{bailey2004,
author				=	{N. P. Bailey and J. Schi\o{}tz and K. W. Jacobsen},
title				=   {Simulation of Cu-Mg metallic glass: Thermodynamics and structure},
journal				=	{Physical Review B},
volume				=	{69},
pages				=	{144205},
year				=	{2004},
}
@article{bailey2006,
        author={Bailey,N. P. and Schi\o{}tz,J. and Jacobsen,K. W.},
        year={2006},
        title={Atomistic simulation study of the shear-band deformation mechanism in Mg-Cu metallic glasses},
        journal={Physical Review B - Condensed Matter and Materials Physics},
        volume={73},
        number={6},
}
@article{barth1990,
Author = {Barth, J. V. and Brune, H and Ertl, G and Behm, R. J.},
Title = {Scanning Tunneling Microscopy Observationson the Reconstructed Au(111)  Surface - Atomic-Structure, Long-range Superstructure, Rotational Domains, and Surface-defects.},
Journal = {Physical Review B},
Year = {1990},
Volume = {42},
Number = {15},
Pages = {9307--9318},
}
@article{behler2015,
Author = {J. Behler},
Title = {Constructing High-Dimensional Neural network Potentials: A Tutorial Review},
Journal = {International Journal of Quantum Chemistry},
Year = {2015},
Volume = {115},
Number = {16},
Pages = {1032--1050},
}
@article{blanco2014,
author				=	{Blanco-Rey, M. and Juaristi, J. I. and Diez Muino, R. and Busnengo, H. F.  and Kroes,  G. J. and Alducin, M.},
title				=   {Electronic Friction Dominates Hydrogen Hot-Atom Relaxation on Pd(100)},
journal				=	{Physical Review Letters},
volume				=	{112},
pages				=	{103203},
year				=	{2014},
}
@article{blank1995,
Author = {T. B. Blank and S. D. Brown and A. W. Calhoun and D. J. Doren},
Title = {Neural network models of potential energy surfaces},
Journal = {Journal of Chemical Physics},
Year = {1995},
Volume = {103},
Pages = {4129--4137},
}
@article{bloechl1994,
  title = {Projector augmented-wave method},
  author = {Bl\"ochl, P. E.},
  journal = {Phys. Rev. B},
  volume = {50},
  issue = {24},
  pages = {17953--17979},
  year = {1994},
  doi = {10.1103/PhysRevB.50.17953},
}

@article{bollinger2001,
  title = {Mechanical Properties and Formation Mechanisms of a Wire of Single Gold Atoms},
  author = {Rubio-Bollinger, G. and Bahn, S. R. and Agra\"\it, N. and Jacobsen, K. W. and Vieira, S.},
  journal = {Phys. Rev. Lett.},
  volume = {87},
  pages = {026101},
  year = {2001},
}
@article{bonfanti2011,
   author = {Bonfanti, M. and D\'iaz, C. and Somers, M. F. and Kroes, G.-J.},
   title = {Hydrogen dissociation on Cu(111): the influence of lattice motion. Part I},
   journal = {Physical Chemistry Chemical Physics},
   volume = {13},
   number = {10},
   pages = {4552-4561},
   year = {2011}
}
@article{bonfanti2015,
   author = {Bonfanti, M. and Jackson, B. and Hughes, K. H. and Burghardt, I. and Martinazzo, R.},
   title = {Quantum dynamics of hydrogen atoms on graphene. II. Sticking},
   journal = {The Journal of Chemical Physics},
   year = {2015},
   volume = {143},
   number = {12}, 
   eid = 124704,
   url = {http://scitation.aip.org/content/aip/journal/jcp/143/12/10.1063/1.4931117},
   doi = {http://dx.doi.org/10.1063/1.4931117},
}
@article{bonn1999,
Author = {Bonn, M. and Funk, S. and Hess, C. and Denzler, D. N. and Stampfl, C. and
   Scheffler, M. and Wolf, M. and Ertl, G.},
Title = {Phonon- versus electron-mediated desorption and oxidation of CO on
   Ru(0001)},
Journal = {Science},
Year = {1999},
Volume = {285},
Number = {5430},
Pages = {1042-1045},
DOI = {10.1126/science.285.5430.1042},
ISSN = {0036-8075},
Unique-ID = {ISI:000082033100038},
}
@article{born1927,
author				=	{M. Born and R. Oppenheimer},
title				=   {Zur Quantentheorie der Molekeln},
journal				=	{Annalen der Physik},
volume				=	{389},
pages				=	{457--484},
year				=	{1927},
}
@misc{bountylog1789,
author	={W. Bligh},
title	={Extract from the logbook HMS Bounty, kept by Captain W. Bligh},
type	={Logbook},
year	={1787--1789},
howpublished	={The National Archives of the UK, ADM 55/151},
institution		={The National Archives},
}
@article{brandbyge1997,
        author={Brandbyge,M. and S\o{}rensen,M. R. and Jacobsen,K. W.},
        year={1997},
        title={Conductance eigenchannels in nanocontacts},
        journal={Physical Review B - Condensed Matter and Materials Physics},
        volume={56},
        number={23},
        pages={14956--14959},
}
@article{brodersen11,
        author={Brodersen,S. H. and Gr\o{}nbjerg,U. and Hvolb\ae{}k,B. and Schi\o{}tz,J.},
        year={2011},
        title={Understanding the catalytic activity of gold nanoparticles through multi-scale simulations},
        journal={Journal of Catalysis},
        volume={284},
        pages={34-41},
}
@article{buehler2006,
  title = {Multiparadigm Modeling of Dynamical Crack Propagation in Silicon Using a Reactive Force Field},
  author = {Buehler, M. J. and van Duin, A. C. T. and Goddard, W. A.},
  journal = {Phys. Rev. Lett.},
  volume = {96},
  issue = {9},
  pages = {095505},
  numpages = {4},
  year = {2006},
  publisher = {American Physical Society},
  doi = {10.1103/PhysRevLett.96.095505},
  url = {http://link.aps.org/doi/10.1103/PhysRevLett.96.095505},
}

@article{bunermann2015,
	author = {B\"unermann, O. and Jiang, H. and Dorenkamp, Y. and Kandratsenka, A. and Janke, S. M. and Auerbach, D. J. and Wodtke, A. M.},
	title = {Electron-hole pair excitation determines the mechanism of hydrogen atom adsorption},
	volume = {350},
	number = {6266},
	pages = {1346--1349},
	year = {2015},
	doi = {10.1126/science.aad4972},
	URL = {http://science.sciencemag.org/content/350/6266/1346},
	journal = {Science},
}
@article{bulou2002,
  title = {Local strain analysis of the herringbone reconstruction of Au(111) through atomistic simulations},
  author = {Bulou, H. and Goyhenex, C.},
  journal = {Phys. Rev. B},
  volume = {65},
  issue = {4},
  pages = {045407},
  numpages = {10},
  year = {2002},
  publisher = {American Physical Society},
  doi = {10.1103/PhysRevB.65.045407},
  url = {http://link.aps.org/doi/10.1103/PhysRevB.65.045407},
}

@article{busnengo2000,
        author={Busnengo, H. F. and Salin, A. and Dong, W.},
        year={2000},
        title={Representation of the 6D potential energy surface for a diatomic molecule near a solid surface},
        journal={Journal of Chemical Physics},
        volume={112},
        pages={7641--7651},
}
@article{busnengo2000b,
title = {Six-dimensional classical dynamics of \{H2\} dissociative adsorption on Pd(111) },
journal = {Chemical Physics Letters },
volume = {320},
number = {3–4},
pages = {328 - 334},
year = {2000},
issn = {0009-2614},
author = {H.F. Busnengo and W. Dong and A. Salin},
}
@article{busnengo2001,
  title = {Surface Temperature Dependence of Rotational Excitation of ${H}_{2}$ Scattered from Pd(111)},
  author = {Busnengo, H. F. and Dong, W. and Sautet, P. and Salin, A.},
  journal = {Phys. Rev. Lett.},
  volume = {87},
  issue = {12},
  pages = {127601},
  year = {2001},
  publisher = {American Physical Society},
  doi = {10.1103/PhysRevLett.87.127601},
}
@article{busnengo2002,
   author = {Busnengo, H. F. and Crespos, C. and Dong, W. and Rayez, J. C. and Salin, A.},
   title = {Classical dynamics of dissociative adsorption for a nonactivated system: The role of zero point energy},
   journal = {The Journal of Chemical Physics},
   year = {2002},
   volume = {116},
   number = {20}, 
   pages = {9005--9013},
}
@article{busnengo2005,
  title = {Surface temperature effects in dynamic trapping mediated adsorption of light molecules on metal surfaces: ${\mathrm{H}}_{2}$ on Pd(111) and Pd(110)},
  author = {Busnengo, H. F. and Di C\'esare, M. A. and Dong, W. and Salin, A.},
  journal = {Phys. Rev. B},
  volume = {72},
  issue = {12},
  pages = {125411},
  year = {2005},
  publisher = {American Physical Society},
  doi = {10.1103/PhysRevB.72.125411},
}
@article{busnengo2008,
author = {H. F. Busnengo and A. E. Mart\'inez},
title = {H2 Chemisorption on W(100) and W(110) Surfaces},
journal = {The Journal of Physical Chemistry C},
volume = {112},
number = {14},
pages = {5579-5588},
year = {2008},
doi = {10.1021/jp711053c},
}
@article{car1985,
   author = {Car, R. and Parrinello, M.},
   title = {UNIFIED APPROACH FOR MOLECULAR-DYNAMICS AND DENSITY-FUNCTIONAL THEORY},
   journal = {Physical Review Letters},
   volume = {55},
   number = {22},
   pages = {2471--2474},
   year = {1985}
}
@article{chang1990,
   author = {Chang, H. C. and Ewing, G. E.},
   title = {Infrared Fluorescence from a Monolayer of CO on NaCl(100)},
   journal = {Physical Review Letters},
   volume = {65},
   number = {17},
   pages = {2125--2128},
   year = {1990}
}
@article{capelle2006,
Author = {Capelle, K.},
Title = {A bird's-eye view of density-functional theory},
Journal = {Brazilian Journal of Physics},
Year = {2006},
Volume = {36},
Number = {4A},
Pages = {1318-1343},
DOI = {10.1590/S0103-97332006000700035},
ISSN = {0103-9733},
EISSN = {1678-4448},
ResearcherID-Numbers = {Capelle, Klaus/D-5669-2012},
Unique-ID = {ISI:000243070400035},
}
@article{ceperley1980,
author				=	{D. M. Ceperley and B. J. Alder},
title				=	{Ground State of the Electron Gas by a Stochastic Method},
journal				=	{Physical Review Letters},
volume				=	45,
pages				=	{566--569},
year				=	1980,
}
@article{chetty1992,
   author = {Chetty, N. and Stokbro, K. and Jacobsen, K. W. and N\'orskov, J. K.},
   title = {Ab initio potential for solids},
   journal = {Physical Review B},
   volume = {46},
   number = {7},
   pages = {3798--3809},
   year = {1992}
}
@article{collins2002,
author				=	{M. A. Collins},
title				=   {Molecular potential-energy surfaces for chemial reaction dynamics},
journal				=	{Theorectical Chemistry Accounts},
volume				=	{108},
pages				=	{313--324},
year				=	{2002},
}
@book{cramer2004,
    author = {C. J. Cramer},
    publisher = {John Wiley \& Sons, Ltd},
    title = {Essentials of Computational Chemistry},
    year = {2004},
    edition = {2nd},
}
@article{christiansen2002,
        author={Christiansen,J. and Morgenstern,K. and Schi\o{}tz,J. and Jacobsen,K. W. and Braun,K. -. and Rieder,K. -. and L\ae{}gsgaard,E. and Besenbacher,F.},
        year={2002},
        title={Atomic-scale structure of dislocations revealed by scanning tunneling microscopy and molecular dynamics},
        journal={Physical Review Letters},
        volume={88},
        pages={2061061--2061064},
}
@book{crc_Au2005,
    editor = {D. R. Lide},
    publisher = {CRC Press},
    howpublished = {``Crystallographic data on minerals''},
    title = {CRC Handbook of Chemistry and Physics, Internet Version 2005},
    year = {2005},
    address = {Boca Raton, FL},
}
@article{crespos2003,
        author={Crepos,C. and Collins, M. A. and Pijper, E. and Kroes, G. J.},
        year={2003},
        title={Multi-dimensional potential energy surface determination by modified Shepard interpolation for a molecule-surface reaction: H2 + Pt(111)},
        journal={Chemical Physics Letters},
        volume={376},
        pages={566--575},
}
@article{crespos2004,
        author={Crepos,C. and Collins, M. A. and Pijper, E. and Kroes, G. J.},
        year={2004},
        title={Application of the modified Shepard interpolation method to the determination of the potential energy surface for a molecule-surface reaction: H2+Pt(111)},
        journal={Journal of Chemical Physics},
        volume={120},
        pages={2392--2404},
}
@article{crljen2003,
title = {\{DFT\} calculations of (1 1 1) surfaces of Au, Cu, and Pt: stability and reconstruction },
journal = {Vacuum },
volume = {71},
number = {1–2},
pages = {101 - 106},
year = {2003},
note = {Proceedings of the 9th Joint Vacuum Conference (JVC-9), organised by the Austrian Vacuum Society, in cooperation with the Vacuum societies of Hungary, Croatia, Slovenia, Czech Republic, Slovakia and Italy, Schloss Seggau, Austria },
issn = {0042-207X},
doi = {http://dx.doi.org/10.1016/S0042-207X(02)00721-2},
url = {http://www.sciencedirect.com/science/article/pii/S0042207X02007212},
author = {\u{Z}. Crljen and D. \u{S}ok\v{c}evi\'{c} and R. Brako and P. Lazi\'{c}},
}
@article{chuang1999,
author = {Y.-Y. Chuang and M. L. Radhakrishnan and P. L. Fast and C. J. Cramer and D. G. Truhlar},
  title = {Direct Dynamics for Free Radical Kinetics in Solution: Solvent Effect on the Rate Constant for the Reaction of Methanol with Atomic Hydrogen},
journal = {The Journal of Physical Chemistry A},
volume = {103},
number = {25},
pages = {4893--4909},
year = {1999},
}
@article{dagliano1975,
  title = {Brownian motion model of the interactions between chemical species and metallic electrons: Bootstrap derivation and parameter evaluation},
  author = {d'Agliano, E. G. and Kumar, P. and Schaich, W. and Suhl, H.},
  journal = {Phys. Rev. B},
  volume = {11},
  issue = {6},
  pages = {2122--2143},
  numpages = {0},
  year = {1975},
  publisher = {American Physical Society},
  doi = {10.1103/PhysRevB.11.2122},
  url = {http://link.aps.org/doi/10.1103/PhysRevB.11.2122},
}
@article{daw1983,
author				=	{M. S. Daw and M. I. Baskes},
title				=	{Semiempirical, Quantum Mechanical Calculation of Hydrogen Embrittlement in Metals},
journal				=	{Physical Review Letters},
volume				=	{50},
pages				=	{1285--1288},
year				=	{1983},
}
@article{daw1984,
author				=	{M. S. Daw and M. I. Baskes},
title				=	{Embedded-atom method: Derivation and application to impurities, surfaces and other defects in metals},
journal				=	{Physical Review B},
volume				=	{29},
pages				=	{6443--6453},
year				=	{1984},
}
@article{daw1993,
author				=	{Daw,M. S. and Foiles,S. M. and Baskes,M. I.},
title				=	{The embedded-atom method: a review of theory and applications},
journal				=	{Material Science Reports},
volume				=	{9},
pages				=	{251--310},
year				=	{1993},
}
@article{diaz2009,
author				=	{C. D\'iaz and E. Pijper and R. A. Olsen and H. F. Busnengo and D. J. Auerbach and G. J. Kroes},
title				=	{Chemically Accurate Simulation of a Prototyplical Surface Reaction: H(2) Dissociation on Cu(111)},
journal				=	{Science},
volume				=	{326},
pages				=	{832--834},
year				=	{2009},
}
@article{diaz2010,
author				=	{C. D\'iaz and R. A. Olsen and H. F. Busnengo and G. J. Kroes},
title				=	{Dynamics on Six-Dimensional Potential Energy Surfaces for H2/Cu(111): Corrugation Reducing Procedure versus Modified Shepard Interpolation Method and PW91 versus RPBE},
journal				=	{Journal of Physical Chemistry C},
volume				=	{114},
pages				=	{11192--11201},
year				=	{2010},
}
@Article{diaz_boss2010,
author 	={Diaz, C. and Olsen, R. A. and Auerbach, D. J. and Kroes, G. J.},
title  	={Six-dimensional dynamics study of reactive and non reactive scattering of H2 from Cu(111) using a chemically accurate potential energy surface},
journal ={Phys. Chem. Chem. Phys.},
year  	={2010},
volume  ={12},
issue  	={24},
pages  	={6499--6519},
doi  	={10.1039/C001956A},
}
@article{dicesare2003,
   author = {Di C\`esare, M. A. and Busnengo, H. F. and Dong, W. and Salin, A.},
   title = {Role of dynamic trapping in H2 dissociation and reflection on Pd surfaces},
   journal = {The Journal of Chemical Physics},
   year = {2003},
   volume = {118},
   number = {24}, 
   pages = {11226--11234},
   doi = {http://dx.doi.org/10.1063/1.1575208},
}
@article{diekhoener2002,
   author = {Diekhöner, L. and Hornekær, L. and Mortensen, H. and Jensen, E. and Baurichter, A. and Petrunin, V. V. and Luntz, A. C.},
   title = {Indirect evidence for strong nonadiabatic coupling in N2 associative desorption from and dissociative adsorption on Ru(0001)},
   journal = {The Journal of Chemical Physics},
   year = {2002},
   volume = {117},
   number = {10}, 
   pages = {5018-5030},
   url = {http://scitation.aip.org/content/aip/journal/jcp/117/10/10.1063/1.1498476},
   doi = {http://dx.doi.org/10.1063/1.1498476},
}
@article{dion2004,
  title = {Van der Waals Density Functional for General Geometries},
  author = {Dion, M. and Rydberg, H. and Schr\"oder, E. and Langreth, D. C. and Lundqvist, B. I.},
  journal = {Phys. Rev. Lett.},
  volume = {92},
  issue = {24},
  pages = {246401},
  numpages = {4},
  year = {2004},
  publisher = {American Physical Society},
  doi = {10.1103/PhysRevLett.92.246401},
  url = {http://link.aps.org/doi/10.1103/PhysRevLett.92.246401},
}
@article{duin2001,
author = {A. C. T. van Duin and S. Dasgupta and F.s Lorant and W. A. Goddard III},
title = {ReaxFF: A Reactive Force Field for Hydrocarbons,},
journal = {The Journal of Physical Chemistry A},
volume = {105},
number = {41},
pages = {9396-9409},
year = {2001},
doi = {10.1021/jp004368u},
}
@INCOLLECTION{Dynamics_auerbach,
AUTHOR    = {D. J. Auerbach and A. M. Wodtke}, 
Editor       = {Ricardo D\'iez Mui\~no and Heriberto Fabio Busnengo},
TITLE        = {Vibrational Energy Transfer at Surface: The Importance of Non-Adiabatic Effects},
BOOKTITLE    = {Dynamics of Gas-Surface Interactions},
Pages        = {267--297},
Publisher    = {Springer},
YEAR         = {2013},
}
@INCOLLECTION{Dynamics_gamallo,
AUTHOR    = {P. Gamallo and L. Martin-Gondre and R. Say\'os and C. Crespos and P. Larr\'egaray}, 
Editor       = {R. D\'iez Mui\~no and H. F. Busnengo},
TITLE        = {Potential Energy Surfaces for the Dynamics of Elementary Gas-Surface Processes},
BOOKTITLE    = {Dynamics of Gas-Surface Interactions},
Pages        = {25--50},
Publisher    = {Springer},
YEAR         = {2013},
}
@INCOLLECTION{Dynamics_saalfrank,
AUTHOR    = {P. Saalfrank and G. F\"uchsel and S. Monturet and J. C. Tremblay and T. Klamroth}, 
Editor       = {R. D\'iez Mui\~no and H. F. Busnengo},
TITLE        = {Theory of Non-adiabatic Molecular Dynamics at Surfaces},
BOOKTITLE    = {Dynamics of Gas-Surface Interactions},
Pages        = {323--348},
Publisher    = {Springer},
YEAR         = {2013},
}
@article{echenique1986,
author				=	{Echenique, P. M. and Nieminen, R. M. and Ashley, J. C. and Ritchie, R. H.},
title				=   {Nonlinear stopping power of an electron gas for slow ions},
journal				=	{Physical Review A},
volume				=	{33},
pages				=	{897},
year				=	{1986},
}
@article{echenique1981,
title = {Density functional calculation of stopping power of an electron gas for slow ions},
journal = {Solid State Communications},
volume = {37},
number = {10},
pages = {779 - 781},
year = {1981},
issn = {0038-1098},
doi = {http://dx.doi.org/10.1016/0038-1098(81)91173-X},
author = {P.M. Echenique and R.M. Nieminen and R.H. Ritchie},
}
@article{eichenauer1962,
author				=	{W. Eichenauer and D. Liebsch},
title				=   {Messung der Diffusionsgeschwindigkeit von Wasserstoff in Gold},
journal				=	{Zeitschrift f\"ur Naturforschung A},
volume				=	{17},
pages				=	{355},
year				=	{1962},
}
@article{engbaek2006,
author				=	{J. Engbaek and J. Schi\o{}tz and B. Dahl-Madsen and S. Horch},
title				=   {Atomic structure of screw dislocations intersecting the Au(111) surface: A combined scanning tunnelling microscopy and molecular dynamics study},
journal				=	{Physical Review B},
volume				=	{74},
pages				=	{195434},
year				=	{2006},
}
@article{engdahl1994,
title = {Transient hyperthermal diffusion following dissociative chemisorption: a molecular dynamics study },
journal = {Surface Science },
volume = {312},
number = {3},
pages = {429- - 440},
year = {1994},
issn = {0039-6028},
doi = {http://dx.doi.org/10.1016/0039-6028(94)90734-X},
author = {C. Engdahl and G. Wahnström},
}
@article{ercolessi1988,
author = { F.   Ercolessi  and  M.   Parrinello  and  E.   Tosatti },
title = {Simulation of gold in the glue model},
journal = {Philosophical Magazine A},
volume = {58},
number = {1},
pages = {213-226},
year = {1988},
doi = {10.1080/01418618808205184},
}
@article{ercolessi1987,
title = {Au surface reconstructions in the glue model },
journal = {Surface Science },
volume = {189–190},
number = {},
pages = {636 - 640},
year = {1987},
note = {Proceedings of the Ninth European Conference on Surface Science },
issn = {0039-6028},
doi = {http://dx.doi.org/10.1016/S0039-6028(87)80491-0},
url = {http://www.sciencedirect.com/science/article/pii/S0039602887804910},
author = {F. Ercolessi and A. Bartolini and M. Garofalo and M. Parrinello and E. Tosatti},
}
@article{evangelakis1996,
title = {Adatom self-diffusion processes on (001) copper surface by molecular dynamics },
journal = {Surface Science },
volume = {347},
number = {3},
pages = {376 -- 386},
year = {1996},
doi = {http://dx.doi.org/10.1016/0039-6028(95)00991-4},
author = {G.A. Evangelakis and N.I. Papanicolaou},
}
@ARTICLE{eyring1931,
   author       = {H. Eyring and M. Polanyi},
   title		= {\"Uber einfache Gasreaktionen},
   year         = {1931},
   journal      = {Zeitschrift f\"ur Physikalische Chemie},
   volume       = {12},
   pages        = {279--311},
}
@ARTICLE{eyring2013,
   author       = {H. Eyring and M. Polanyi},
   title		= {On simple gas reactions},
   year         = {2013},
   journal      = {Zeitschrift f\"ur Physikalische Chemie},
   volume       = {227},
   pages        = {1221--1246},
}
@article{ferrin2012,
Author = {Ferrin, P. and Kandoi, S. and Nilekar, A. U. and
   Mavrikakis, M.},
Title = {Hydrogen adsorption, absorption and diffusion on and in transition metal
   surfaces: A DFT study},
Journal = {Surface Science},
Year = {2012},
Volume = {606},
Number = {7-8},
Pages = {679-689},
DOI = {10.1016/j.susc.2011.12.017},
ISSN = {0039-6028},
}
@article{forni1996,
title = {A simulation study of the chemisorption dynamics of molecular hydrogen on the Ni(111) surface },
journal = {Surface Science },
volume = {352–354},
pages = {142 -- 147},
year = {1996},
note = {Proceedings of the 15th European Conference on Surface Science },
doi = {http://dx.doi.org/10.1016/0039-6028(95)01121-8},
author = {A. Forni and G. F. Tantardini},
}
@article{forni1995,
  author={A. Forni and G. Wiesenekker and E. J. Baerends and G. F. Tantardini},
  title={A dynamical study of the chemisorption of molecular hydrogen on the Cu(111) surface},
  journal={Journal of Physics: Condensed Matter},
  volume={7},
  number={36},
  pages={7195},
  url={http://stacks.iop.org/0953-8984/7/i=36/a=009},
  year={1995},
}
@article{frenken1999,
        author={Frenken,J. W. M. and Stoltze,P.},
        year={1999},
        title={Are vicinal metal surfaces stable?},
        journal={Physical Review Letters},
        volume={82},
        pages={3500-3503},
}
@article{frankcombe2012,
        author={Frankcombe,T, J. and Collins, M. A. and Zhang, D. H.},
        year={2012},
        title={Modified Shepard interpolation of gas-surface potential energy surfaces with strict plane group symmetry and translational periodicity},
        journal={Journal of Chemical Physics},
        volume={137},
        pages={144701},
}
@Article{fuechsel2011,
author ={F\"uchsel, G. and Klamroth, T. and Monturet, S. and Saalfrank, P.},
title  ={Dissipative dynamics within the electronic friction approach: the femtosecond laser desorption of H2/D2 from Ru(0001)},
journal  ={Phys. Chem. Chem. Phys.},
year  ={2011},
volume  ={13},
issue  ={19},
pages  ={8659-8670},
publisher  ={The Royal Society of Chemistry},
doi  ={10.1039/C0CP02086A},
url  ={http://dx.doi.org/10.1039/C0CP02086A},
}
@article{fuechsel2013,
author = {G. F\"uchsel and S. Schimka and P. Saalfrank},
title = {On the Role of Electronic Friction for Dissociative Adsorption and Scattering of Hydrogen Molecules at a Ru(0001) Surface},
journal = {The Journal of Physical Chemistry A},
volume = {117},
number = {36},
pages = {8761-8769},
year = {2013},
doi = {10.1021/jp403860p},
URL = {  http://dx.doi.org/10.1021/jp403860p},
}
@article{gajdosch2004,
  author={M. Gajdoš and A. Eichler and J. Hafner},
  title={CO adsorption on close-packed transition and noble metal surfaces: trends from ab initio calculations},
  journal={Journal of Physics: Condensed Matter},
  volume={16},
  number={8},
  pages={1141--1164},
  url={http://stacks.iop.org/0953-8984/16/i=8/a=001},
  year={2004},
}
@article{galanis2013,
        author={Galanis, N. V. and Remediakis,I. N. and Kopidakis,G.},
        year={2013},
        title={Structure and mechanical properties of ultra-nanocrystalline diamond and nanocrystalline Cu from atomistic simulations},
        journal={Mechanics of Materials},
        volume={67},
        pages={79-85},
}

@article{galparsoro2015,
author = {O. Galparsoro and R. Pétuya and J. I. Juaristi and C. Crespos and M. Alducin and P. Larrégaray},
title = {Energy Dissipation to Tungsten Surfaces upon Eley–Rideal Recombination of N2 and H2},
journal = {The Journal of Physical Chemistry C},
volume = {119},
number = {27},
pages = {15434-15442},
year = {2015},
doi = {10.1021/acs.jpcc.5b04286},
}
@article{garrison1995,
        author={B. J. Garrison and D. Srivastava},
        year={1995},
        title={Potential Energy Surfaces for Chemical Reactions at Solid Surfaces},
        journal={Annual Reviews of Physical Chemistry},
        volume={46},
        pages={373--394},
}
@article{gaspari2010,
  title = {Atomistic insight into the adsorption site selectivity of stepped Au(111) surfaces},
  author = {Gaspari, R. and Pignedoli, C. A. and Fasel, R. and Treier, M. and Passerone, D.},
  journal = {Phys. Rev. B},
  volume = {82},
  issue = {4},
  pages = {041408},
  numpages = {4},
  year = {2010},
  publisher = {American Physical Society},
  doi = {10.1103/PhysRevB.82.041408},
  url = {http://link.aps.org/doi/10.1103/PhysRevB.82.041408},
}
@article {gergen2001,
	author = {Gergen, B. and Nienhaus, H. and Weinberg, W. H. and McFarland, E. W.},
	title = {Chemically Induced Electronic Excitations at Metal Surfaces},
	volume = {294},
	number = {5551},
	pages = {2521--2523},
	year = {2001},
	doi = {10.1126/science.1066134},
	URL = {http://science.sciencemag.org/content/294/5551/2521},
	eprint = {http://science.sciencemag.org/content/294/5551/2521.full.pdf},
	journal = {Science},
}
@article{golding1967,
        author={Golding,B. and Moss,S. C. and Averbach,B. L.},
        year={1967},
        title={Composition and Pressure Dependence of the Elastic Constants of Gold-Nickel Alloys},
        journal={Physical Review},
        volume={158},
        pages={637--646},
}
@article{greeley2005,
author = {J. Greeley and M.s Mavrikakis},
title = {Surface and Subsurface Hydrogen: Adsorption Properties on Transition Metals and Near-Surface Alloys},
journal = {The Journal of Physical Chemistry B},
volume = {109},
number = {8},
pages = {3460--3471},
year = {2005},
doi = {10.1021/jp046540q},
}
@book{gross2009,
        author={Gro\ss, A.},
        year={2009},
        title={Theoretical Surface Science. A Microscopic Perspective},
        publisher={Springer-Verlag},
        address={Berlin, Heidelberg},
}

@article{gundersen1993,
Author = {Gundersen, K. and Hammer, B. and Jacobsen, K. W. and N\o{}rskov, J. K. and Lin, J.S.
   and Milman, V.},
Title = {Chemisorption and vibration of hydrogen on Cu(111)},
Journal = {Surface Science},
Year = {1993},
Volume = {285},
Number = {1-2},
Pages = {27-30},
DOI = {10.1016/0039-6028(93)90910-C},
Unique-ID = {ISI:A1993KU65600011},
}

@article {hafner2008,
author = {Hafner, J.},
title = {Ab-initio simulations of materials using VASP: Density-functional theory and beyond},
journal = {Journal of Computational Chemistry},
volume = {29},
number = {13},
doi = {10.1002/jcc.21057},
pages = {2044--2078},
year = {2008},
}
@article{hamann1979,
  title = {Norm-Conserving Pseudopotentials},
  author = {Hamann, D. R. and Schl\"uter, M. and Chiang, C.},
  journal = {Phys. Rev. Lett.},
  volume = {43},
  issue = {20},
  pages = {1494--1497},
  numpages = {0},
  year = {1979},
  publisher = {American Physical Society},
  doi = {10.1103/PhysRevLett.43.1494},
  url = {http://link.aps.org/doi/10.1103/PhysRevLett.43.1494},
}
@article{hanke2013,
  title = {Structure and local reactivity of the Au(111) surface reconstruction},
  author = {Hanke, F. and Bj\"ork, J.},
  journal = {Phys. Rev. B},
  volume = {87},
  issue = {23},
  pages = {235422},
  numpages = {6},
  year = {2013},
  doi = {10.1103/PhysRevB.87.235422},
}
@article{harten1985,
  title = {Observation of a Soliton Reconstruction of Au(111) by High-Resolution Helium-Atom Diffraction},
  author = {Harten, U. and Lahee, A. M. and Toennies, J. Peter and W\"oll, Ch.},
  journal = {Phys. Rev. Lett.},
  volume = {54},
  issue = {24},
  pages = {2619--2622},
  numpages = {0},
  year = {1985},
  publisher = {American Physical Society},
  doi = {10.1103/PhysRevLett.54.2619},
  url = {http://link.aps.org/doi/10.1103/PhysRevLett.54.2619},
}
@article{headgordon1995,
   author = {Head-Gordon, M. and Tully, J. C.},
   title = {MOLECULAR-DYNAMICS WITH ELECTRONIC FRICTIONS},
   journal = {Journal of Chemical Physics},
   volume = {103},
   number = {23},
   pages = {10137-10145},
   year = {1995},
}
@article{headgordon1992jcp,
   author = {Head-Gordon, M. and Tully, J. C.},
   title = {Vibrational relaxation on metal surfaces: Molecular-orbital theory and application to CO/Cu(100)},
   journal = {The Journal of Chemical Physics},
   year = {1992},
   volume = {96},
   number = {5}, 
   pages = {3939-3949},
   url = {http://scitation.aip.org/content/aip/journal/jcp/96/5/10.1063/1.461896},
   doi = {http://dx.doi.org/10.1063/1.461896}, 
}
@article{headgordon1992prb,
  title = {Molecular-orbital calculations of the lifetimes of the vibrational modes of CO on Cu(100)},
  author = {Head-Gordon, M. and Tully, J. C.},
  journal = {Phys. Rev. B},
  volume = {46},
  issue = {3},
  pages = {1853--1856},
  numpages = {0},
  year = {1992},
  publisher = {American Physical Society},
  doi = {10.1103/PhysRevB.46.1853},
  url = {http://link.aps.org/doi/10.1103/PhysRevB.46.1853},
}

@article{hellsing1984,
  author={B. Hellsing and M. Persson},
  title={Electronic Damping of Atomic and Molecular Vibrations at Metal Surfaces},
  journal={Physica Scripta},
  volume={29},
  number={4},
  pages={360},
  year={1984},
}
@article{hohenberg1964,
Author = {Hohenberg, P. and Kohn, W.},
Title = {INHOMOGENEOUS ELECTRON GAS},
Journal = {PHYSICAL REVIEW B},
Year = {1964},
Volume = {136},
Number = {3B},
Pages = {B864+},
DOI = {10.1103/PhysRev.136.B864},
ISSN = {1098-0121},
EISSN = {1550-235X},
Unique-ID = {ISI:A19641557C00018},
}
@article{hollenbach1971,
  title = {Surface Recombination of Hydrogen Molecules},
  author = {D. Hollenbach and E. E. Salpeter},
  journal = {Phys. Rev. B},
  volume = {163},
  pages = {155--164},
  year = {1971},
}
	@article{hoss1992,
        author={Hoss,A. and Romahn,U. and Nold,M. and Blanckenhagen,P. v. and Meyer,O.},
        year={1992},
        title={Experimental Observation of Blocked Melting on the Au(111) Surface},
        journal={Europhysics Letters},
        volume={20},
        pages={125--130},
}
@article{hildenbrand1962,
        author={Hildenbrand,D. L. and Hall,W. F.},
        year={1962},
        title={The vapour pressure and heat of sublimation of gold},
        journal={Journal of Physical Chemistry},
        volume={66},
        pages={754--755},
}
@article{huang1990,
  title = {Phase behavior of the Au(111) surface: Discommensurations and kinks},
  author = {Huang, K. G. and Gibbs, Doon and Zehner, D. M. and Sandy, A. R. and Mochrie, S. G. J.},
  journal = {Phys. Rev. Lett.},
  volume = {65},
  issue = {26},
  pages = {3313--3316},
  numpages = {0},
  year = {1990},
  publisher = {American Physical Society},
  doi = {10.1103/PhysRevLett.65.3313},
  url = {http://link.aps.org/doi/10.1103/PhysRevLett.65.3313},
}

@article{humphrey1996,
  author={W. Humphrey and A. Dalke and K. Schulten},
  title={{VMD} -- {V}isual {M}olecular {D}ynamics},
  journal={Journal of Molecular Graphics},
  year=1996,
  volume=14,
  pages={33-38},
  note={},
  tbstatus={Published.},
  techrep={},
  tbreference={222}
}
@article{huang2000,
author={Huang,Y. and Rettner,C. T. and Auerbach,D. J. and Wodtke,A. M.},
year={2000},
title={Vibrational promotion of electron transfer},
journal={Science},
volume={290},
number={5489},
pages={111--4},
abstract={The role of vibrational motion in electron transfer to a molecule from a metal surface free from the complicating influence of solvation effects is examined. Laser methods were used to prepare specific quantum states of gas-phase nitric oxide molecules.},
keywords={Technology: Comprehensive Works; Science; Vibration; Electrons; Molecules; Quantum theory; Lasers},
isbn={00368075},
language={English},
url={http://search.proquest.com/docview/213586831?accountid=104561},
}
@article{ischtwan1994,
author={J. Ischtwan and M. A. Collins},
year={1994},
title={Molecular potential energy surfaces by interpolation},
journal={Journal of Chemical Physics},
volume={100},
pages={8080},
}
@article{ishikawa1985,
title = {The diffusivity of hydrogen in the noble metals at low temperature},
journal = {Acta Metallurgica},
volume = {33},
number = {11},
pages = {1979 - 1985},
year = {1985},
note = {},
issn = {0001-6160},
doi = {http://dx.doi.org/10.1016/0001-6160(85)90120-8},
url = {http://www.sciencedirect.com/science/article/pii/0001616085901208},
author = {T. Ishikawa and R.B. McLellan},

}
@ARTICLE{jacobsen1987,
   author       = {K. W. Jacobsen and J. K. N\o{}rskov and M. J. Puska},
   title		= {Interactomic interaction in the effective-medium theory},
   year         = {1987},
   journal      = {Physical Review B},
   volume       = {35},
   pages        = {7423--7442},
}
@ARTICLE{jacobsen1996,
   author       = {K. W. Jacobsen and P. Stoltze and J. K. N\o{}rskov},
   title		= {A semi-empirical effective medium theory for metals and alloys},
   year         = {1996},
   journal      = {Surface Science},
   volume       = {366},
   pages        = {394--402},
}
@article{jacobsen1998,
        author={Jacobsen,J. and Cooper,B. H. and Sethna,J. P.},
        year={1998},
        title={Simulations of energetic beam deposition: From picoseconds to seconds},
        journal={Physical Review B - Condensed Matter and Materials Physics},
        volume={58},
        number={23},
        pages={15847-15865},
}
@ARTICLE{janke2013,
   author       = {S. M. Janke and M. Pavanello and G.-J. Kroes and D. J. Auerbach and A. M. Wodtke and A. Kandratsenka},
   title		= {Toward Detection of Electron-Hole Pair Excitation in H-atom Collisions with Au(111): Adiabatic Molecular Dynamics with a Semi-empirical Full-Dimensional Potential Energy Surface},
   year         = {2013},
   journal      = {Zeitschrift f\"ur Physikalische Chemie},
   volume       = {227},
   pages        = {1467--1490},
}
@ARTICLE{janke2015,
   author       = {S. M. Janke and D. J. Auerbach and A. M. Wodtke and A. Kandratsenka},
   title		= {An accurate full-dimensional potential energy surface for H-Au(111): Importance of nonadiabatic electronic excitation in energy transfer and adsorption},
   year         = {2015},
   journal      = {Journal of Chemical Physics},
   volume       = {143},
   pages        = {124708},
}
@manual{pes_manual,
title	= {Construction of an EMT-PES for a Hydrogen Atom at a Metal(111) Surface},
author	= {S. M. Janke and M. Kammler},
organization	= {University of G\"ottingen and Max-Planck Institute for biophysical Chemistry},
year	= {2015},
}
@ARTICLE{jiang2014,
   author       = {B. Jiang and H. Guo},
   title		= {Permutation invarient polynomial neural network approach to fitting potential energy surfaces III. Molecule-surface interactions},
   year         = {2014},
   journal      = {Journal of Chemical Physics},
   volume       = {141},
   pages        = {034109},
}
@article{Jiang2014a,
year={2014},
journal={Science China Chemistry},
volume={57},
number={1},
doi={10.1007/s11426-013-4976-8},
title={Dissociative chemisorption dynamics of small molecules on metal surfaces},
author={Jiang, B. and Xie, D. Q.},
pages={87--99},
}
@ARTICLE{juaristi2008,
   author       = {J.I. Juaristi and M. Alducin and D\'iez~Mui\~no, R. and  H. F. Busnengo and A. Salin},
   title		= {Role of Electron-Hole Pair Excitations in the Dissociative Adsorption of Diatomic Molecules on Metal Surfaces },
   year         = {2008},
   journal      = {Physical Review Letters},
   volume       = {100},
   pages        = {116102},
}
@ARTICLE{kant1979,
   author       = {Kant,A. and Moon, K. A.},
   title		= {Dissociation-energies of gaseous CuH, AgH, AuH, and NiH},
   year         = {1979},
   journal      = {High Temperature Science},
   volume       = {11},
   pages        = {55--62},
}
@article{khomkin2013,
year={2013},
journal={Plasma Physics Reports},
volume={39},
number={10},
title={Phase transition into the metallic state in hypothetical (without molecules) dense atomic hydrogen},
author={Khomkin, A.L. and Shumikhin, A.S.},
pages={857-862},
}
@article{kindt1999,
   author = {Kindt, J. T. and Tully, J. C.},
   title = {Simulations of collision-induced absorption of hydrogen on Ni(111)},
   journal = {The Journal of Chemical Physics},
   year = {1999},
   volume = {111},
   number = {24}, 
   pages = {11060-11069},
   url = {http://scitation.aip.org/content/aip/journal/jcp/111/24/10.1063/1.480493},
   doi = {http://dx.doi.org/10.1063/1.480493}, 
}
@article{kindt1998,
   author = {Kindt, J. T. and Tully, J. C. and Head-Gordon, M. and Gomez, M. A.},
   title = {Electron-hole pair contributions to scattering, sticking, and surface diffusion: CO on Cu(100)},
   journal = {The Journal of Chemical Physics},
   year = {1998},
   volume = {109},
   number = {9}, 
   pages = {3629-3636},
   url = {http://scitation.aip.org/content/aip/journal/jcp/109/9/10.1063/1.476960},
   doi = {http://dx.doi.org/10.1063/1.476960},
}
@book{kittel, 
title={Introduction to Solid State Physics},
author={C. Kittel},
edition={8},
year={2010},
publisher={Wiley \& Sons, Inc.},
}
@book{koch2001,
    author = {W. Koch and M. C. Holthausen},
    publisher = {Wiley-VCH Verlag GmbH},
    title = {A Chemist's Guide to Density Functional Theory},
    year = {2001},
    edition = {2nd},
}
@article{kohn1965,
  title = {Self-Consistent Equations Including Exchange and Correlation Effects},
  author = {Kohn, W. and Sham, L. J.},
  journal = {Phys. Rev.},
  volume = {140},
  issue = {4A},
  pages = {A1133--A1138},
  numpages = {0},
  year = {1965},
  publisher = {American Physical Society},
  doi = {10.1103/PhysRev.140.A1133},
  url = {http://link.aps.org/doi/10.1103/PhysRev.140.A1133},
}
@inbook {koumoutsakos2008,
title = {Multiscale Modeling and Simulation for Fluid Mechanics at the Nanoscale},
author = {Koumoutsakos, P.},
publisher = {Wiley-VCH Verlag GmbH \& Co. KGaA},
isbn = {9783527622597},
doi = {10.1002/9783527622597.ch6},
pages = {229--290},
keywords = {nanosystems, multiscale modeling, fluid mechanics simulation, computational modeling, quantum, atomistic, continuum, fluid – solid interfaces, fluids in confined geometries, nano – bio interface},
booktitle = {Carbon Nanotube Devices},
year = {2008},
}
@article{kovacs2006,
  author={D. A. Kovacs and T. Babkina and T. Gans and U. Czarnetzki and D. Diesing},
  title={Electronic excitation in metals through hyperthermal atoms},
  journal={Journal of Physics D: Applied Physics},
  volume={39},
  number={24},
  pages={5224},
  url={http://stacks.iop.org/0022-3727/39/i=24/a=019},
  year={2006},
}
@article{kresse1999,
  title = {From ultrasoft pseudopotentials to the projector augmented-wave method},
  author = {Kresse, G. and Joubert, D.},
  journal = {Phys. Rev. B},
  volume = {59},
  issue = {3},
  pages = {1758--1775},
  year = {1999},
  doi = {10.1103/PhysRevB.59.1758},
}

@article{kresse222000,
  title = {Dissociation and sticking of ${\mathrm{H}}_{2}$ on the Ni(111), (100), and (110) substrate},
  author = {Kresse, G.},
  journal = {Phys. Rev. B},
  volume = {62},
  issue = {12},
  pages = {8295--8305},
  numpages = {0},
  year = {2000},
  publisher = {American Physical Society},
  doi = {10.1103/PhysRevB.62.8295},
}
@article{krishna2006,
   author = {Krishna, V. and Tully, J. C.},
   title = {Vibrational lifetimes of molecular adsorbates on metal surfaces},
   journal = {The Journal of Chemical Physics},
   year = {2006},
   volume = {125},
   number = {5}, 
   eid = 054706,
   url = {http://scitation.aip.org/content/aip/journal/jcp/125/5/10.1063/1.2227383},
   doi = {http://dx.doi.org/10.1063/1.2227383}, 
}
@article{kristinsdottir2012,
title = {A systematic \{DFT\} study of hydrogen diffusion on transition metal surfaces },
journal = {Surface Science },
volume = {606},
number = {17–18},
pages = {1400 - 1404},
year = {2012},
issn = {0039-6028},
doi = {http://dx.doi.org/10.1016/j.susc.2012.04.028},
url = {http://www.sciencedirect.com/science/article/pii/S0039602812001604},
author = {L. Kristinsd\'ottir and E. Sk\'ulason},
}

@article{krixprb2007,
  title = {Generation of hot charge carriers by adsorption of hydrogen and deuterium atoms on a silver surface},
  author = {Krix, D. and N\"unthel, R. and Nienhaus, H.},
  journal = {Phys. Rev. B},
  volume = {75},
  issue = {7},
  pages = {073410},
  numpages = {3},
  year = {2007},
  publisher = {American Physical Society},
  doi = {10.1103/PhysRevB.75.073410},
  url = {http://link.aps.org/doi/10.1103/PhysRevB.75.073410},
}
@article{krix_jvsta_2007,
   author = {Krix, D. and Nünthel, R. and Nienhaus, H.},
   title = {Chemical interaction of H and D atoms with Ag/H:p-Si(111) thin film diodes},
   journal = {Journal of Vacuum Science \& Technology A},
   year = {2007},
   volume = {25},
   number = {4}, 
   pages = {1156-1160},
   url = {http://scitation.aip.org/content/avs/journal/jvsta/25/4/10.1116/1.2404966},
   doi = {http://dx.doi.org/10.1116/1.2404966},
}
@ARTICLE{kroes2014,
   author       = {G.-J. Kroes and M. Pavanello and Maria Blanco-Rey and Maite Alducin and Daniel J. Auerbach},
   title		= {Ab initio molecular dynamics calculations on scattering of hyperthermal H atoms from Cu(111) and Au(111)},
   year         = {2014},
   journal      = {Journal of Chemical Physics},
   volume       = {141},
   pages        = {054705},
}
@article{lamont1995,
title = {Dynamics of atomic adsorbates: hydrogen on Cu(111) },
journal = {Chemical Physics Letters },
volume = {243},
number = {5–6},
pages = {429 - 434},
year = {1995},
note = {},
issn = {0009-2614},
doi = {http://dx.doi.org/10.1016/0009-2614(95)00814-K},
url = {http://www.sciencedirect.com/science/article/pii/000926149500814K},
author = {C.L.A. Lamont and B.N.J. Persson and G.P. Williams},
}
@article{langmuir1912,
  title = {The Dissociation of Hydrogen into Atoms},
  author = {Langmuir, I.},
  journal = {Journal of the American Chemical Society},
  volume = {34},
  pages = {860--877},
  year = {1912},
}
@Article{laurent2009,
author ={Laurent, G. and Mart\'in, F. and Busnengo, H. F.},
title  ={Theoretical study of hydrogen dissociative adsorption on strained pseudomorphic monolayers of Cu and Pd deposited onto a Ru(0001) substrate},
journal  ={Phys. Chem. Chem. Phys.},
year  ={2009},
volume  ={11},
issue  ={33},
pages  ={7303-7311},
publisher  ={The Royal Society of Chemistry},
doi  ={10.1039/B821422K},
}
@article{lee2002,
title = {High-resolution electron energy loss spectroscopy study on chemisorption of hydrogen on Cu(1 1 1) },
journal = {Surface Science },
volume = {498},
number = {3},
pages = {229 - 236},
year = {2002},
note = {},
issn = {0039-6028},
doi = {http://dx.doi.org/10.1016/S0039-6028(01)01765-4},
url = {http://www.sciencedirect.com/science/article/pii/S0039602801017654},
author = {G. Lee and E.W. Plummer},
}
@article{leesm2002,
title = {Hydrogen adsorption and storage in carbon nanotubes },
journal = {Synthetic Metals },
volume = {113},
number = {3},
pages = {209 - 216},
year = {2000},
note = {},
issn = {0379-6779},
doi = {http://dx.doi.org/10.1016/S0379-6779(99)00275-1},
url = {http://www.sciencedirect.com/science/article/pii/S0379677999002751},
author = {S. M. Lee and K. S. Park and Y. C. Choi and Y. S. Park and J. M. Bok and D. J. Bae and K. S. Nahm and Y. G. Choi and S. C. Yu and N. Kim and T. Frauenheim and Y. H. Lee},
}
@article{Levenberg1944,
    author = {Levenberg, K.},
    journal = {Quart. Appl. Math.},
    pages = {164--168},
    priority = {2},
    title = {{A method for the solution of certain problems in least-squares}},
    volume = {2},
    year = {1944},
}
@article{li_wahnstrom1992,
  title = {Molecular-dynamics simulation of hydrogen diffusion in palladium},
  author = {Li, Y. and Wahnstr\"om, G.},
  journal = {Physical Review B},
  volume = {46},
  pages = {14528--14542},
  year = {1992},
}
@article{li1992,
  title = {Nonadiabatic effects in hydrogen diffusion in metals},
  author = {Li, Y. and Wahnstr\"om, G.},
  journal = {Phys. Rev. Lett.},
  volume = {68},
  issue = {23},
  pages = {3444--3447},
  year = {1992},
  publisher = {American Physical Society},
  doi = {10.1103/PhysRevLett.68.3444},
}
@article{liebsch1997,
  title = {Density-functional calculation of electronic friction of ions and atoms on metal surfaces},
  author = {Liebsch, A.},
  journal = {Phys. Rev. B},
  volume = {55},
  issue = {19},
  pages = {13263--13274},
  numpages = {0},
  year = {1997},
  publisher = {American Physical Society},
  doi = {10.1103/PhysRevB.55.13263},
  url = {http://link.aps.org/doi/10.1103/PhysRevB.55.13263},
}
@article{lisowski1987,
title = {On the influence of the way of thin gold films preparation on the character of hydrogen adsorption },
journal = {Surface Science Letters },
volume = {188},
number = {3},
pages = {L735 - L741},
year = {1987},
note = {},
issn = {0167-2584},
doi = {http://dx.doi.org/10.1016/0167-2584(87)90582-2},
url = {http://www.sciencedirect.com/science/article/pii/0167258487905822},
author = {E. Lisowski and L. Stobi\'nski and R. Du\'s},
}
@article{liu2012,
author = {Y.-D. Liu and V. Ozolins},
title = {Self-Assembled Monolayers on Au(111): Structure, Energetics, and Mechanism of Reconstruction Lifting},
journal = {The Journal of Physical Chemistry C},
volume = {116},
number = {7},
pages = {4738-4747},
year = {2012},
doi = {10.1021/jp211407p},
}
@Article{lozano2009,
author ={Lozano, A. and Gross, A. and Busnengo, H. F.},
title  ={Adsorption dynamics of H2 on Pd(100) from first principles},
journal  ={Phys. Chem. Chem. Phys.},
year  ={2009},
volume  ={11},
issue  ={27},
pages  ={5814-5822},
publisher  ={The Royal Society of Chemistry},
doi  ={10.1039/B905432B},
}
@article{lorenz2004,
  title = {Representing high-dimensional potential-energy surfaces for reactions at surfaces by neural networks},
  author = {Lorenz, S. and Gro\ss, A. and Scheffler, M.},
  journal = {Chemical Physics Letters},
  volume = {395},
  pages = {210--215},
  year = {2004},
}
@article{lorenz2006,
  title = {Descriptions of surface chemical reactions using a neural network representation of the potential-energy surface},
  author = {Lorenz, S. and Gro\ss, A. and Scheffler, M.},
  journal = {Physical Review B},
  volume = {73},
  pages = {115431},
  year = {2006},
}
@article{ludwig2007,
   author = {Ludwig, J. and Vlachos, D. G.},
   title = {Ab initio molecular dynamics of hydrogen dissociation on metal surfaces using neural networks and novelty sampling},
   journal = {The Journal of Chemical Physics},
   year = {2007},
   volume = {127},
   number = {15}, 
   pages = {154716},
   doi = {http://dx.doi.org/10.1063/1.2794338},
}
@article{luppi2005,
   author = {Luppi, M. and McCormack, D. A. and Olsen, R. A. and Baerends, E. J.},
   title = {Rotational effects in the dissociative adsorption of H2 on the Pt(211) stepped surface},
   journal = {The Journal of Chemical Physics},
   year = {2005},
   volume = {123},
   number = {16}, 
   eid = {164702},
   doi = {http://dx.doi.org/10.1063/1.2087467},
}
@book{luethibach2009,
    author = {H. Ibach and H. L\"uth},
    publisher = {Springer},
    title = {Festk\"operphysik},
    year = {2009}
}
@article{luntz2005,
   author = {Luntz, A. C. and Persson, M.},
   title = {How adiabatic is activated adsorption/associative desorption?},
   journal = {The Journal of Chemical Physics},
   year = {2005},
   volume = {123},
   number = {7}, 
   eid = 074704,
   pages = {},
   url = {http://scitation.aip.org/content/aip/journal/jcp/123/7/10.1063/1.2000249},
   doi = {http://dx.doi.org/10.1063/1.2000249}, 
}
@article{luo2009,
title = {Coverage-dependent absorption of atomic hydrogen into the sub-surface of Cu(1 1 1) studied by density-functional-theory calculations },
journal = {Surface Science },
volume = {603},
number = {8},
pages = {1081 - 1086},
year = {2009},
note = {},
issn = {0039-6028},
doi = {http://dx.doi.org/10.1016/j.susc.2009.01.032},
url = {http://www.sciencedirect.com/science/article/pii/S003960280900140X},
author = {M.F. Luo and G.R. Hu},
}
@article{luo2005,
title = {Migration and abstraction of H-atoms from the Cu(1 1 1) surface },
journal = {Surface Science },
volume = {586},
number = {1–3},
pages = {109 - 114},
year = {2005},
note = {},
issn = {0039-6028},
doi = {http://dx.doi.org/10.1016/j.susc.2005.05.003},
url = {http://www.sciencedirect.com/science/article/pii/S0039602805004644},
author = {M.F. Luo and D.A. MacLaren and W. Allison},
}

 @article{luo2007,
title = {Surface structures of atomic hydrogen adsorbed on Cu(1 1 1) surface studied by density-functional-theory calculations },
journal = {Surface Science },
volume = {601},
number = {6},
pages = {1461 - 1466},
year = {2007},
note = {},
issn = {0039-6028},
doi = {http://dx.doi.org/10.1016/j.susc.2006.12.077},
url = {http://www.sciencedirect.com/science/article/pii/S0039602806013628},
author = {M.F. Luo and G.R. Hu and M.H. Lee},
}

@article{luo2003,
title = {Preferential sub-surface occupation of atomic hydrogen on Cu(1 1 1) },
journal = {Chemical Physics Letters },
volume = {381},
number = {5–6},
pages = {654 - 659},
year = {2003},
note = {},
issn = {0009-2614},
doi = {http://dx.doi.org/10.1016/j.cplett.2003.09.154},
url = {http://www.sciencedirect.com/science/article/pii/S0009261403017299},
author = {M.F. Luo and D.A. MacLaren and I.G. Shuttleworth and W. Allison},
}

@article{mansfield1990,
  author={M. Mansfield and R. J. Needs},
  title={Application of the Frenkel-Kontorova model to surface reconstructions},
  journal={Journal of Physics: Condensed Matter},
  volume={2},
  number={10},
  pages={2361},
  url={http://stacks.iop.org/0953-8984/2/i=10/a=004},
  year={1990},
}
@article{Marquardt1963,
author = {D. W. Marquardt},
title = {An Algorithm for Least-Squares Estimation of Nonlinear Parameters},
journal = {Journal of the Society for Industrial and Applied Mathematics},
volume = {11},
number = {2},
pages = {431--441},
year = {1963},
doi = {10.1137/0111030},
}
@article{martingondre2009,
title = {Is the \{LEPS\} potential accurate enough to investigate the dissociation of diatomic molecules on surfaces? },
journal = {Chemical Physics Letters },
volume = {471},
number = {1–3},
pages = {136 -- 142},
year = {2009},
issn = {0009-2614},
author = {L. Martin-Gondre and C. Crespos and P. Larregaray and J.C. Rayez and B. van Ootegem and D. Conte},
}
@article{martingondre2012,
  title = {Competition between Electron and Phonon Excitations in the Scattering of Nitrogen Atoms and Molecules off Tungsten and Silver Metal Surfaces},
  author = {Martin-Gondre, L. and Alducin, M. and Bocan, G. A. and D\'{\i}ez Mui\~no, R. and Juaristi, J. I.},
  journal = {Phys. Rev. Lett.},
  volume = {108},
  issue = {9},
  pages = {096101},
  year = {2012},
  publisher = {American Physical Society},
  doi = {10.1103/PhysRevLett.108.096101},
}
@INCOLLECTION{Marx_Hunter2000,
AUTHOR    = {D. Marx and J. Hutter}, 
Editor       = {J. Grotendorst},
TITLE        = {Ab Initio Molecular Dynamics: Theory and Implementation},
BOOKTITLE    = {Modern Methods and Algorithms of Quantum Chemistry},
Pages        = {329--477},
Publisher    = {John von Neumann Institute for Computing},
YEAR         = {2000},
Volume  	 = {3}
}
@book{Marx2009,
    author = {D. Marx and J. Hutter},
    publisher = {Cambridge University Press},
    title = {Ab Initio Molecular Dynamics},
    year = {2009}
}
@article{Massey1949,
author = {H. S. W. Massey},
title = {Collisions between atoms and molecules at ordinary temperatures},
journal = {Reports on Progress in Physics},
volume = {12},
pages = {248--269},
year = {1949},
}
@misc{mathematica2015,
    author = {Wolfram research, Inc.},
    publisher = {Wolfram Research, Inc.},
	Title = {Mathematica},
	Edition = {Version 10.2},
	address = {Champaign, Illinois},
    year = {2015},
}
@article{mccash1989,
title = {The adsorption of atomic hydrogen on Cu(111) investigated by reflection-absorption infrared spectroscopy, electron energy loss spectroscopy and low energy electron diffraction },
journal = {Surface Science },
volume = {215},
number = {3},
pages = {363 - 377},
year = {1989},
issn = {0039-6028},
doi = {http://dx.doi.org/10.1016/0039-6028(89)90266-5},
url = {http://www.sciencedirect.com/science/article/pii/0039602889902665},
author = {E. M. Mccash and S. F. Parker and J. Pritchard and M. A. Chesters},
}
@article{mccreery1975,
        author={McCreery,J. H. and Wolken,G. Jr.},
        year={1975},
        title={A model potential for chemisorption: H2+W(001)},
        journal={Journal of Chemical Physics},
        volume={63},
        pages={2340--2349},
}
@article{mcintosh2013,
  title = {Measurement of the Phason Dispersion of Misfit Dislocations on the Au(111) Surface},
  author = {McIntosh, E. M. and Kole, P. R. and El-Batanouny, M. and Chisnall, D. M. and Ellis, J. and Allison, W.},
  journal = {Phys. Rev. Lett.},
  volume = {110},
  issue = {8},
  pages = {086103},
  numpages = {5},
  year = {2013},
  publisher = {American Physical Society},
  doi = {10.1103/PhysRevLett.110.086103},
  url = {http://link.aps.org/doi/10.1103/PhysRevLett.110.086103},
}
@INCOLLECTION{mehrer2005,
AUTHOR    = {H. Mehrer}, 
Editor       = {P. Heitjan and J. K\"arger},
TITLE        = {Diffusion: Introduction and Case Studies in Metals and Binary Alloys},
BOOKTITLE    = {Diffusion in Condensed Matter},
Pages        = {3--64},
Publisher    = {Springer},
YEAR         = {2005},
}
@article{meier2004,
        author={Meier,J. and Schi\o{}tz,J. and Liu,P. and N\o{}rskov,J. K. and Stimming,U.},
        year={2004},
        title={Nano-scale effects in electrochemistry},
        journal={Chemical Physics Letters},
        volume={390},
        number={4-6},
        pages={440--444},
}
@article{mildner2006,
title = {Electronic excitations induced by surface reactions of H and D on gold },
journal = {Chemical Physics Letters },
volume = {432},
number = {1–3},
pages = {133 - 138},
year = {2006},
note = {},
issn = {0009-2614},
doi = {http://dx.doi.org/10.1016/j.cplett.2006.10.048},
url = {http://www.sciencedirect.com/science/article/pii/S0009261406015508},
author = {B. Mildner and E. Hasselbrink and D. Diesing},
}
@article{molenbroek2001,
author = {Molenbroek, A. M. and N\o{}rskov, J. K. and Clausen, B. S.},
title = {Structure and Reactivity of Ni-Au Nanoparticle Catalysts},
journal = {The Journal of Physical Chemistry B},
volume = {105},
number = {23},
pages = {5450--5458},
year = {2001},
}
@article{morgenstern2001,
        author={Morgenstern,K. and Rosenfeld,G. and Comsa,G. and S\o{}rensen,M. R. and Hammer,B. and L\ae{}gsgaard,E. and Besenbacher,F.},
        year={2001},
        title={Kinetics of fast island decay on Ag(111)},
        journal={Physical Review B - Condensed Matter and Materials Physics},
        volume={63},
        number={4},
        pages={454121-454125},
}
@article{mudiyanselage2013,
   author = {Mudiyanselage, K. and Yang, Y. and Hoffmann, F. M. and Furlong, O. J. and Hrbek, J. and White, M. G. and Liu, P. and Stacchiola, D. J.},
   title = {Adsorption of hydrogen on the surface and sub-surface of Cu(111)},
   journal = {The Journal of Chemical Physics},
   year = {2013},
   volume = {139},
   number = {4}, 
   eid = 044712,
   url = {http://scitation.aip.org/content/aip/journal/jcp/139/4/10.1063/1.4816515},
   doi = {http://dx.doi.org/10.1063/1.4816515},
}
@article{narasimhan1992,
  title = {Elastic stress domains and the herringbone reconstruction on Au(111)},
  author = {Narasimhan, S. and Vanderbilt, D.},
  journal = {Phys. Rev. Lett.},
  volume = {69},
  issue = {10},
  pages = {1564--1567},
  numpages = {0},
  year = {1992},
  publisher = {American Physical Society},
  doi = {10.1103/PhysRevLett.69.1564},
  url = {http://link.aps.org/doi/10.1103/PhysRevLett.69.1564}
}
@article{nave2007,
  title = {Methane Dissociation on Ni(111): The Role of Lattice Reconstruction},
  author = {Nave, S. and Jackson, B.},
  journal = {Phys. Rev. Lett.},
  volume = {98},
  issue = {17},
  pages = {173003},
  numpages = {4},
  year = {2007},
  publisher = {American Physical Society},
  doi = {10.1103/PhysRevLett.98.173003},
  url = {http://link.aps.org/doi/10.1103/PhysRevLett.98.173003}
}
@article{nattino2012,
   author = {Nattino, F. and Diaz, C. and Jackson, B. and Kroes, G. J.},
   title = {Effect of Surface Motion on the Rotational Quadrupole Alignment Parameter of D-2 Reacting on Cu(111)},
   journal = {Physical Review Letters},
   volume = {108},
   number = {23},
   pages = {236104},
   year = {2012}
}
@article{nie2006,
Author = {Nie, J.L. and Xiao, H.Y. and Zu, X.T.},
Title = {First-principles study of H adsorption on and absorption in Cu(111)
   surface},
Journal = {CHEMICAL PHYSICS},
Year = {2006},
Volume = {321},
Number = {1-2},
Pages = {48-54},
DOI = {10.1016/j.chemphys.2005.07.027},
ISSN = {0301-0104},
ResearcherID-Numbers = {Xiao, Haiyan/A-1450-2012},
Unique-ID = {ISI:000234915200006},
}

@article{nienhaus1999,
  title = {Electron-Hole Pair Creation at Ag and Cu Surfaces by Adsorption of Atomic Hydrogen and Deuterium},
  author = {Nienhaus, H. and Bergh, H. S. and Gergen, B. and Majumdar, A. and Weinberg, W. H. and McFarland, E. W.},
  journal = {Phys. Rev. Lett.},
  volume = {82},
  issue = {2},
  pages = {446--449},
  year = {1999},
  publisher = {American Physical Society},
  doi = {10.1103/PhysRevLett.82.446},
  url = {http://link.aps.org/doi/10.1103/PhysRevLett.82.446},
}

@book{nitzan2006,
    author = {A. Nitzan},
    publisher = {Oxford University Press},
    series = {Oxford science publications},
    title = {Chemical Dynamics in Condensed Phases: Relaxation, Transfer, and Reactions in Condensed Molecular Systems},
    year = {2006}
}
@article{nobuhara2000,
author				=	{K. Nobuhara and H. Nakanishi and H. Kasai},
title				=	{Interactions of atomic hydrogen with Cu(111), Pt(111), and Pd(111)},
journal				=	{J. Appl. Phys.},
volume				=	88,
pages				=	{6897--6901},
year				=	2000,
}
@article{nobuhara2002,
   author = {Nobuhara, K. and Nakanishi, H. and Kasai, H. and Okiji, A.},
   title = {Quantum mechanical behavior of an H atom on Cu(111) and Pt(111)},
   journal = {Journal of Applied Physics},
   year = {2002},
   volume = {91},
   number = {4}, 
   pages = {1855-1859},
   url = {http://scitation.aip.org/content/aip/journal/jap/91/4/10.1063/1.1432480},
   doi = {http://dx.doi.org/10.1063/1.1432480},
}
@article{nobuhara2004,
   author = {Nobuhara, K. and Kasai, H. and Nakanishi, H. and Diño, W. A.},
   title = {Vibrational properties of hydrogen atom adsorbed on Cu(111) and on Ir(111) surfaces},
   journal = {Journal of Applied Physics},
   year = {2004},
   volume = {96},
   number = {9}, 
   pages = {5020-5025},
   url = {http://scitation.aip.org/content/aip/journal/jap/96/9/10.1063/1.1794905},
   doi = {http://dx.doi.org/10.1063/1.1794905},
}
@article{norskov1977,
title = {Electronic structure of H and He in metal vacancies },
journal = {Solid State Communications },
volume = {24},
number = {9},
pages = {691 - 693},
year = {1977},
note = {},
issn = {0038-1098},
doi = {http://dx.doi.org/10.1016/0038-1098(77)90393-3},
author = {J.K. N\o{}rskov}
}
@article{norskov1979,
   author = {N\o{}rskov, J. K. and Lundqvist, B. I.},
   title = {Correlation between sticking probability and adsorbate-induced electron-structure},
   journal = {Surface Science},
   volume = {89},
   number = {1-3},
   pages = {251-261},
   year = {1979}
}
@article{norskov1979_Hjellium,
   author = {N\o{}rskov, J. K.},
   title = {Electron structure of single and interacting hydrogen impurities in free-electron-like metals},
   journal = {Physical Review B},
   volume = {20},
   number = {2},
   pages = {446--454},
   year = {1979}
}
@ARTICLE{norskov1980,
   author       = {N\o{}rskov, J. K. and N. D. Lang},
   title        = {Effective Medium Theory of Chemical-Binding -- Application to Chemisorption},
   year         = {1980},
   journal      = {Physical Review B},
   volume       = {21},
   pages        = {2131--2136},
}
@ARTICLE{norskov1982,
   author       = {N\o{}rskov, J. K.},
   title		= {Covalent effects in the effective-medium theory of chemical binding -- hydrogen heats of solution in 3D-metals},
   year         = {1982},
   journal      = {Physical Review B},
   volume       = {26},
   pages        = {2875--2885},
}
@article{norskov1987,
title = {Theory of hydrogen interaction with metals },
journal = {Journal of the Less Common Metals },
volume = {130},
number = {},
pages = {475 - 490},
year = {1987},
note = {Proceedings of the International Symposium on the Properties and Applications of Metal Vydrides V },
issn = {0022-5088},
doi = {http://dx.doi.org/10.1016/0022-5088(87)90145-7},
url = {http://www.sciencedirect.com/science/article/pii/0022508887901457},
author = {J.K. N\o{}rskov and F. Besenbacher},
}
@article{novko2015,
  title = {\textit{Ab initio}   molecular dynamics with simultaneous electron and phonon excitations: Application to the relaxation of hot atoms and molecules on metal surfaces},
  author = {Novko, D. and Blanco-Rey, M. and Juaristi, J. I. and Alducin, M.},
  journal = {Phys. Rev. B},
  volume = {92},
  issue = {20},
  pages = {201411},
  numpages = {5},
  year = {2015},
  publisher = {American Physical Society},
  doi = {10.1103/PhysRevB.92.201411},
  url = {http://link.aps.org/doi/10.1103/PhysRevB.92.201411}
}
@article{olsen2002,
   author = {Olsen, R. A. and Busnengo, H. F. and Salin, A. and Somers, M. F. and Kroes, G. J. and Baerends, E. J.},
   title = {Constructing accurate potential energy surfaces for a diatomic molecule interacting with a solid surface: H2+Pt(111) and H2+Cu(100)},
   journal = {The Journal of Chemical Physics},
   year = {2002},
   volume = {116},
   number = {9}, 
   pages = {3841--3855},
}
@article{paduraru2007,
author				=	{A. Paduraru and A. Kenoufi and Ni. P. Bailey and J. Schi\o{}tz},
journal				=	{Advanced Engineering Materials},
volume				=	9,
pages				=	{505},
year				=	2007,
}
@article{pang2007,
author = {X.-Y. Pang and L.-Q. Xue and G.-C. Wang},
title = {Adsorption of Atoms on Cu Surfaces: A Density Functional Theory Study},
journal = {Langmuir},
volume = {23},
number = {9},
pages = {4910--4917},
year = {2007},
doi = {10.1021/la063097x},
URL = {http://dx.doi.org/10.1021/la063097x},
eprint = {http://dx.doi.org/10.1021/la063097x},
}
@article{pauly2011,
        author={Pauly,F. and Viljas,J. K. and B\"urkle,M. and Dreher,M. and Nielaba,P. and Cuevas,J. C.},
        year={2011},
        title={Molecular dynamics study of the thermopower of Ag, Au, and Pt nanocontacts},
        journal={Physical Review B - Condensed Matter and Materials Physics},
        volume={84},
        number={19},
}
@article{pauly2006,
        author={Pauly,F. and Dreher,M. and Viljas,J. K. and H\"afner,M. and Cuevas,J. C. and Nielaba,P.},
        year={2006},
        title={Theoretical analysis of the conductance histograms and structural properties of Ag, Pt, and Ni nanocontacts},
        journal={Physical Review B - Condensed Matter and Materials Physics},
        volume={74},
        number={23},
}
@article{pavanello2013,
        author={Pavanello, M. and Auerbach, D. J. and Wodtke, A. M. and Blanco-Rey, M. and Alducin,M. and Kroes,G.-J-},
        year={2013},
        title={Adiabatic Energy Loss in Hyperthermal H Atom Collision with Cu and Au: A Basis for Testing the Importance of Nonadiabatic Energy Loss},
        journal={Journal of Physical Chemistry Letters},
        volume={4},
        pages={3735--3740},
}
@article{pedersen2009_1,
        author={Pedersen,A. and J\'onsson,H.},
        year={2009},
        title={Simulations of hydrogen diffusion at grain boundaries in aluminum},
        journal={Acta Materialia},
        volume={57},
        number={14},
        pages={4036-4045},
}
@article{pedersen2009_2,
        author={Pedersen,A. and Henkelman,G. and Schi\o{}tz,J. and J\'onsson,H.},
        year={2009},
        title={Long time scale simulation of a grain boundary in copper},
        journal={New Journal of Physics},
        volume={11},
}
@article{perdew1986,
author				=	{J. P. Perdew and Y. Wang},
title				=	{Accurate and simple density dunctional for the electronic exchange energy: Generalized gradient approximation},
journal				=	{Physical Review B},
volume				=	33,
pages				=	{8800--8802},
year				=	1986,
}
@article{perdew1992,
  title = {Atoms, molecules, solids, and surfaces: Applications of the generalized gradient approximation for exchange and correlation},
  author = {Perdew, J. P. and Chevary, J. A. and Vosko, S. H. and Jackson, K. A. and Pederson, M. R. and Singh, D. J. and Fiolhais, C.},
  journal = {Phys. Rev. B},
  volume = {46},
  issue = {11},
  pages = {6671--6687},
  numpages = {0},
  year = {1992},
  publisher = {American Physical Society},
  doi = {10.1103/PhysRevB.46.6671},
  url = {http://link.aps.org/doi/10.1103/PhysRevB.46.6671},
}
@article{perdew1992erratum,
  title = {Erratum: Atoms, molecules, solids, and surfaces: Applications of the generalized gradient approximation for exchange and correlation},
  author = {Perdew, J. P. and Chevary, J. A. and Vosko, S. H. and Jackson, K. A. and Pederson, M. R. and Singh, D. J. and Fiolhais, C.},
  journal = {Phys. Rev. B},
  volume = {48},
  issue = {7},
  pages = {4978--4978},
  numpages = {0},
  year = {1993},
  publisher = {American Physical Society},
  doi = {10.1103/PhysRevB.48.4978.2},
  url = {http://link.aps.org/doi/10.1103/PhysRevB.48.4978.2},
}


@article{perdew1996,
  title = {Generalized Gradient Approximation Made Simple},
  author = {Perdew, J. P. and Burke, K. and Ernzerhof, M.},
  journal = {Phys. Rev. Lett.},
  volume = {77},
  issue = {18},
  pages = {3865--3868},
  numpages = {0},
  year = {1996},
  publisher = {American Physical Society},
  doi = {10.1103/PhysRevLett.77.3865},
  url = {http://link.aps.org/doi/10.1103/PhysRevLett.77.3865},
}

@article{perdew2001,
author				=	{J. P. Perdew and Karla Schmidt},
title				=	{Jacob's ladder of density functional approximation for the exchange correlation energy},
journal				=	{AIP Conf. Proc.},
volume				=	577,
pages				=	{1--20},
year				=	2001,
}
@article{persson1982,
  title = {Electronic Damping of Adsorbate Vibrations on Metal Surfaces},
  author = {Persson, M. and Hellsing, B.},
  journal = {Phys. Rev. Lett.},
  volume = {49},
  issue = {9},
  year = {1982},
  pages = {662--665},
  doi = {10.1103/PhysRevLett.49.662},
  url = {http://link.aps.org/doi/10.1103/PhysRevLett.49.662},
}
@article{persson1980,
title = {Vibrational lifetime for \{CO\} adsorbed on Cu(100) },
journal = {Solid State Communications },
volume = {36},
number = {2},
pages = {175 - 179},
year = {1980},
note = {},
issn = {0038-1098},
doi = {http://dx.doi.org/10.1016/0038-1098(80)90677-8},
url = {http://www.sciencedirect.com/science/article/pii/0038109880906778},
author = {B.N.J. Persson and M. Persson},
}


@article{perron2005,
title = {Adsorption of atomic oxygen on the Cu(1 0 0) surface},
journal = {Surface Science},
volume = {599},
number = {1–3},
pages = {160 -- 172},
year = {2005},
doi = {http://dx.doi.org/10.1016/j.susc.2005.09.044},
author = {N. Perron and N. Pineau and E. Arquis and J.C. Rayez and A. Salin},
}
@article{pineau2005,
   author = {Pineau, N. and Busnengo, H. F. and Rayez, J. C. and Salin, A.},
   title = {Relaxation of hot atoms following H2 dissociation on a Pd(111) surface},
   journal = {The Journal of Chemical Physics},
   year = {2005},
   volume = {122},
   number = {21}, 
   eid = 214705,
   doi = {http://dx.doi.org/10.1063/1.1924550},
}
@article{polanyi1972,
   author = {Polanyi, J. C.},
   title = {SOME CONCEPTS IN REACTION DYNAMICS},
   journal = {Accounts of Chemical Research},
   volume = {5},
   number = {5},
   pages = {161},
   year = {1972}
}@ARTICLE{preston1990,
   author       = {Preston-Thomas,H.},
   title		= {The international temperature scale of 1990 (its-90)},
   year         = {1990},
   journal      = {Metrologia},
   volume       = {27},
   pages        = {3--10},
}
@article{puska1983,
  title = {Atoms embedded in an electron gas: Phase shifts and cross sections},
  author = {Puska, M. J. and Nieminen, R. M.},
  journal = {Phys. Rev. B},
  volume = {27},
  issue = {10},
  pages = {6121--6128},
  numpages = {0},
  year = {1983},
  publisher = {American Physical Society},
  doi = {10.1103/PhysRevB.27.6121},
  url = {http://link.aps.org/doi/10.1103/PhysRevB.27.6121}
}
@ARTICLE{qiu2006,
   author       = {Qiu, M. H. and Ren, Z. F. and Che, L. and Dai, D. X. and Harich, S. A. and Wang, X. Y. and Yang, X. M. and Xu, C. X. and Xie, D. Q. and Gustafsson, M. and Skodje, R. T. and Sun, Z. G. and Zhang, D. H.},
   title		= {Observation of Feshbach resonances in the F+H-2 -> HF+H reaction},
   year         = {2006},
   journal      = {Science},
   volume       = {311},
   pages        = {1440--1443},
}
@book{NNraff2012,
        author={L. M. Raff and R. Komanduri and M. Hagan and S. T. S. Bukkapatnam},
        year={2012},
        title={Neural Networks in Chemical Reaction Dynamics},
        publisher={Oxford University Press},
}
@article{rasmussen1997,
        author={Rasmussen,T. and Jacobsen,K. W. and Leffers,T. and Pedersen,O. B. and Srinivasan,S. G. and J\'onsson,H.},
        year={1997},
        title={Atomistic determination of cross-slip pathway and energetics},
        journal={Physical Review Letters},
        volume={79},
        pages={3676--3679},
}
@article{refson1985,
title = {Molecular dynamics simulation of solid n-butane },
journal = {Physica B+C },
volume = {131},
number = {1–3},
pages = {256 - 266},
year = {1985},
note = {},
issn = {0378-4363},
doi = {http://dx.doi.org/10.1016/0378-4363(85)90158-5},
url = {http://www.sciencedirect.com/science/article/pii/0378436385901585},
author = {Keith Refson},
}
@article{repain1999,
        author={Repain, V. and Berroir, J. M. and Rousset, S. and Lecoeur, J.},
        year={1999},
        title={Interaction between steps and reconstruction on Au(111)},
        journal={Europhysics Letters},
        volume={47},
        pages={435--441},
}
@article{riviere2004,
   author = {Rivi\'ere, P. and Busnengo, H. F. and Mart\'in, F.},
   title = {Density functional theory study of H and H2 interacting with NiAl(110)},
   journal = {The Journal of Chemical Physics},
   year = {2004},
   volume = {121},
   number = {2}, 
   pages = {751--760},
}
@article{rittmeyer2015,
  title = {Electronic Friction-Based Vibrational Lifetimes of Molecular Adsorbates: Beyond the Independent-Atom Approximation},
  author = {Rittmeyer, S. P. and Meyer, J. and Juaristi, J. I. and Reuter, K.},
  journal = {Phys. Rev. Lett.},
  volume = {115},
  issue = {4},
  pages = {046102},
  year = {2015},
  doi = {10.1103/PhysRevLett.115.046102},
  url = {http://link.aps.org/doi/10.1103/PhysRevLett.115.046102},
}

@article{ryberg1982,
        author={R. Ryberg},
        year={1982},
        title={Carbon Monoxide adsorbed on Cu(100) studied by infrared spectroscopy},
        journal={Surface Science},
        volume={114},
        pages={627--641},
}
@article{saalfrank2014,
   author = {Saalfrank, P. and Juaristi, J. I. and Alducin, M. and Blanco-Rey, M. and Muiño, R. D.},
   title = {Vibrational lifetimes of hydrogen on lead films: An ab initio molecular dynamics with electronic friction (AIMDEF) study},
   journal = {The Journal of Chemical Physics},
   year = {2014},
   volume = {141},
   number = {23}, 
   eid = 234702,
   pages = {},
   url = {http://scitation.aip.org/content/aip/journal/jcp/141/23/10.1063/1.4903309},
   doi = {http://dx.doi.org/10.1063/1.4903309},
}

@article{sachs1930,
        author={Sachs,G. and Weets,J.},
        year={1930},
        title={Die Gitterkonstanten der Gold-Silberlegierungen},
        journal={Zeitschrift f\"ur Physikalische Chemie},
        volume={60},
        pages={481--490},
}
@article{salin2006,
   author = {Salin, A.},
   title = {Theoretical study of hydrogen dissociative adsorption on the Cu(110) surface},
   journal = {The Journal of Chemical Physics},
   year = {2006},
   volume = {124},
   number = {10}, 
   eid = {104704},
}
@article{sato1955a,
   author = {Sato, S.},
   title = {On a New Method of Drawing the Potential Energy Surface},
   journal = {The Journal of Chemical Physics},
   year = {1955},
   volume = {23},
   number = {3}, 
   pages = {592-593},
}
@article{sato1955b,
   author = {Sato, S.},
   title = {Potential Energy Surface of the System of Three Atoms},
   journal = {The Journal of Chemical Physics},
   year = {1955},
   volume = {23},
   number = {12}, 
   pages = {2465--2466},
   doi = {http://dx.doi.org/10.1063/1.1741936}, 
}
@article{sato2004,
        author={Sato,K. and Yoshiie,T. and Satoh,Y. and Xu,Q.},
        year={2004},
        title={Computer simulation of formation energy and migration energy of vacancies under high strain in Cu},
        journal={Materials Transactions},
        volume={45},
        pages={833--838},
}
@article{sato2007,
        author={Sato,K. and Yoshiie,T. and Xu,Q.},
        year={2007},
        title={One dimensional motion of interstitial clusters in Ni-Au alloy},
        journal={Journal of Nuclear Materials},
        volume={367--370 A},
        pages={382--385},
}
@article{sato2007b,
        author={Sato,K. and Yoshiie,T. and Ishizaki,T. and Xu,Q.},
        year={2007},
        title={Behavior of vacancies near edge dislocations in Ni and $\alpha$-Fe: Positron annihilation experiments and rate theory calculations},
        journal={Physical Review B - Condensed Matter and Materials Physics},
        volume={75},
}
@article{sault1986,
title = {Adsorption of oxygen and hydrogen on Au(110)-(1 × 2) },
journal = {Surface Science },
volume = {169},
number = {2–3},
pages = {347 - 356},
year = {1986},
note = {},
issn = {0039-6028},
doi = {http://dx.doi.org/10.1016/0039-6028(86)90616-3},
url = {http://www.sciencedirect.com/science/article/pii/0039602886906163},
author = {A. G. Sault and R. J. Madix and C. T. Campbell},
}
@article{schindler2013,
author = {B. Schindler and D. Diesing and E. Hasselbrink},
title = {Electronically Nonadiabatic Processes in the Interaction of H with a Au Surface Revealed Using MIM Junctions: The Temperature Dependence},
journal = {The Journal of Physical Chemistry C},
volume = {117},
number = {12},
pages = {6337-6345},
year = {2013},
doi = {10.1021/jp4009459},
URL = { http://dx.doi.org/10.1021/jp4009459},
}
@article{schindler2011,
   author = {Schindler, B. and Diesing, D. and Hasselbrink, E.},
   title = {Electronic excitations induced by hydrogen surface chemical reactions on gold},
   journal = {The Journal of Chemical Physics},
   year = {2011},
   volume = {134},
   number = {3}, 
   eid = 034705,
   pages = {},
   url = {http://scitation.aip.org/content/aip/journal/jcp/134/3/10.1063/1.3523647},
   doi = {http://dx.doi.org/10.1063/1.3523647} ,
}
@article{schiotz1998,
        author={Schi\o{}tz,J. and Di Tolla,F. D. and Jacobsen,K. W.},
        year={1998},
        title={Softening of nanocrystalline metals at very small grain sizes},
        journal={Nature},
        volume={391},
        pages={561--563},
}
@article{schiotz1999,
        author={Schi\o{}tz,J. and Vegge,T. and Di Tolla,F. D. and Jacobsen,K. W.},
        year={1999},
        title={Atomic-scale simulations of the mechanical deformation of nanocrystalline metals},
        journal={Physical Review B - Condensed Matter and Materials Physics},
        volume={60},
        pages={11971--11983},
}
@article{schiotz2000,
        author={Schi\o{}tz,J. and Carlsson,A. E.},
        year={2000},
        title={The influence of surface stress on dislocation emission from sharp and blunt cracks in fcc metals},
        journal={Philosophical Magazine A: Physics of Condensed Matter, Structure, Defects and Mechanical Properties},
        volume={80},
        pages={69--82},
}
@article{schiotz2001,
        author={Schi\o{}tz,J. and Leffers,T. and Singh,B. N.},
        year={2001},
        title={Dislocation nucleation and vacancy formation during high-speed deformation of fcc metals},
        journal={Philosophical Magazine Letters},
        volume={81},
        pages={301--309},
}
@article{schiotz2002,
        author={Schi\o{}tz,J. and Leffers,T. and Singh,B. N.},
        year={2002},
        title={Modeling of dislocation generation and interaction during high-speed deformation of metals},
        journal={Radiation Effects and Defects in Solids},
        volume={157},
        pages={193--200},
}
@article{schiotz2003,
        author={Schi\o{}tz,J. and Jacobsen,K. W.},
        year={2003},
        title={A maximum in the strength of nanocrystalline copper},
        journal={Science},
        volume={301},
        pages={1357--1359},
}
@article{schiotz2004,
        author={Schi\o{}tz,J.},
        year={2004},
        title={Strain-induced coarsening in nanocrystalline metals under cyclic deformation},
        journal={Materials Science and Engineering A},
        volume={375--377},
        pages={975--979},
}
@article{seitsonen2016,
title = {Electronic structure of reconstructed Au(111) studied with density functional theory },
journal = {Surface Science },
volume = {643},
pages = {150 - 155},
year = {2016},
note = {Present challenges in surface science, a special issue in honour of Dietrich Menzel },
issn = {0039-6028},
doi = {http://dx.doi.org/10.1016/j.susc.2015.08.033},
url = {http://www.sciencedirect.com/science/article/pii/S0039602815002629},
author = {A. P. Seitsonen},
}
@article{shalashilin1998,
   author = {Shalashilin, D. V. and Jackson, B.},
   title = {Formation and dynamics of hot-precursor hydrogen atoms on metal surfaces: Trajectory simulations and stochastic models},
   journal = {The Journal of Chemical Physics},
   year = {1998},
   volume = {109},
   number = {7}, 
   pages = {2856-2864},
   url = {http://scitation.aip.org/content/aip/journal/jcp/109/7/10.1063/1.476839},
   doi = {http://dx.doi.org/10.1063/1.476839}, 
}

@article{shen2014,
        author={Shen, X. J. and Lozano, A. and Dong, W. and Busnengo, H. F. and Yan, X. H.},
        year={2014},
        title={Towards Bond Selective Chemistry from First Principles: Methane on Metal Surfaces},
        journal={Physical Review Letters},
        volume={112},
        pages={046101},
}
@article{shenvi2009,
author = {Shenvi, N. and Roy, S. and Tully, J. C.}, 
title = {Dynamical Steering and Electronic Excitation in NO Scattering from a Gold Surface},
journal = {Science},
volume = {326}, 
number = {5954}, 
pages = {829-832}, 
year = {2009}, 
doi = {10.1126/science.1179240},  
}
@article{shiang1993,
   author = {Shiang, K.-D.},
   title = {Molecular dynamics simulation of adatom diffusion on metal surfaces},
   journal = {The Journal of Chemical Physics},
   year = {1993},
   volume = {99},
   number = {12}, 
   pages = {9994--10000},
   doi = {http://dx.doi.org/10.1063/1.465399}, 
}
@article{shimokawa2004,
        author={Shimokawa,T. and Mortensen,J. J. and Schi\o{}tz,J. and Jacobsen,K. W.},
        year={2004},
        title={Matching conditions in the quasicontinuum method: Removal of the error introduced at the interface between the coarse-grained and fully atomistic region},
        journal={Physical Review B - Condensed Matter and Materials Physics},
        volume={69},
        pages={214104-1--214104-10},
}
@article{somorjai2010,
        author={Somorjai,G. A. and Li,Y.},
        year={2010},
        title={Major successes of theory-and-experiment-combined studies in surface chemistry and heterogeneous catalysis},
        journal={Topics in Catalysis},
        volume={53},
        pages={311-325},
}
@article{sorensen2010,
        author={S\o{}rensen,M. R. and Brandbyge,M. and Jacobsen,K. W.},
        year={1998},
        title={Mechanical deformation of atomic-scale metallic contacts: Structure and mechanisms},
        journal={Physical Review B - Condensed Matter and Materials Physics},
        volume={57},
        pages={3283-3294},
}
@article{springer1994,
title = {Simulations of femtosecond laser-induced desorption of CO from Cu(100)},
journal = {Surface Science},
volume = {320},
number = {1},
pages = {L57 - L62},
year = {1994},
note = {},
issn = {0039-6028},
doi = {http://dx.doi.org/10.1016/0039-6028(94)00569-9},
url = {http://www.sciencedirect.com/science/article/pii/0039602894005699},
author = {C. Springer and M. Head-Gordon and J. C. Tully},
}
@article{stobinski1994,
title = {Model of atomic hydrogen adsorption on thin gold film surface },
journal = {Vacuum },
volume = {45},
number = {2–3},
pages = {299 - 301},
year = {1994},
note = {Special Issue Proceedings of the 16th International Seminar on Surface Physics },
issn = {0042-207X},
doi = {http://dx.doi.org/10.1016/0042-207X(94)90194-5},
url = {http://www.sciencedirect.com/science/article/pii/0042207X94901945},
author = {L. Stobi\'nski and R. Du\'s},
}
@article{stobinski1992,
title = {Atomic hydrogen adsorption on thin gold films },
journal = {Surface Science },
volume = {269–270},
number = {},
pages = {383 - 388},
year = {1992},
note = {},
issn = {0039-6028},
doi = {http://dx.doi.org/10.1016/0039-6028(92)91279-K},
url = {http://www.sciencedirect.com/science/article/pii/003960289291279K},
author = {L. Stobi\'nski and R. Du\'s},
}
@ARTICLE{strom1998,
   author       = {J. Str\"omquist and L. Bengtsson and M. Persson and B. Hammer},
   title		= {The dynamics of H absorption and adsorption in Cu(111)},
   year         = {1998},
   journal      = {Surface Science},
   volume       = {397},
   pages        = {382--394},
}
@article{sun2007,
        author={Sun,Y. and Zhuang,L. and Lu,J. and Hong,X. and Liu,P.},
        year={2007},
        title={Collapse in crystalline structure and decline in catalytic activity of Pt nanoparticles on reducing particle size to 1 nm},
        journal={Journal of the American Chemical Society},
        volume={129},
        pages={15465-15467},
}
@book{tannor2007,
    author = {D. J. Tannor},
    publisher = {University Science Books},
    series = {Oxford science publications},
    title = {Introduction to Quantum Mechanics: A Time-Dependent Perspective},
    year = {2007}
}
@article{tao2010,
Author = {Tao, F. and Dag, S. and Wang, L.-W. and Liu, Z. and Butcher, D. R. and Bluhm, H. and Salmeron, M. and Somorjai, G. A.},
Title = {Break-Up of Stepped Platinum Catalyst Surfaces by High CO Coverage},
Journal = {Science},
Year = {2010},
Volume = {327},
Number = {5967},
Pages = {850-853},
DOI = {10.1126/science.1182122},
ISSN = {0036-8075},
Unique-ID = {ISI:000274408300057},
}
@article{takeuchi1991,
  title = {Au(111): A theoretical study of the surface reconstruction and the surface electronic structure},
  author = {Takeuchi, N. and Chan, C. T. and Ho, K. M.},
  journal = {Phys. Rev. B},
  volume = {43},
  issue = {17},
  pages = {13899--13906},
  numpages = {0},
  year = {1991},
  publisher = {American Physical Society},
  doi = {10.1103/PhysRevB.43.13899},
  url = {http://link.aps.org/doi/10.1103/PhysRevB.43.13899}
}
@article{thompson1905,
        author={Thompson, J.J.},
        year={1905},
        title={On the emission of negative corpuscles by
the alkali metals},
        journal={Philosophical Magazine},
        volume={10},
        pages={584--590},
}
@article{torres2014,
author = {E. Torres and G. A. DiLabio},
title = {A Density Functional Theory Study of the Reconstruction of Gold (111) Surfaces},
journal = {The Journal of Physical Chemistry C},
volume = {118},
number = {29},
pages = {15624-15629},
year = {2014},
doi = {10.1021/jp411368v},
}
@article{townsend2004,
Author = {Townsend, D. and Lahankar, S. A. and Lee, S. K. and Chambreau, S. D. and Suits, A. G. and Zhang, X. and Rheinecker, J and Harding, L. B. and Bowman, J. M.},
Title = {The roaming atom: Straying from the reaction path in formaldehyde decomposition},
Journal = {Science},
Year = {2004},
Volume = {306},
Number = {5699},
Pages = {1158-1161},
DOI = {10.1126/science.1104386},
ISSN = {0036-8075},
Unique-ID = {ISI:000225193100040},
}
@article{trail2001,
title = {Electronic damping of molecular motion at metal surfaces },
journal = {Computer Physics Communications },
volume = {137},
number = {1},
pages = {163 - 173},
year = {2001},
note = {},
issn = {0010-4655},
doi = {http://dx.doi.org/10.1016/S0010-4655(01)00177-1},
url = {http://www.sciencedirect.com/science/article/pii/S0010465501001771},
author = {J.R. Trail and M.C. Graham and D.M. Bird},
}
@article{trail2002,
  title = {Energy Loss of Atoms at Metal Surfaces due to Electron-Hole Pair Excitations: First-Principles Theory of ``Chemicurrents''},
  author = {Trail, J. R. and Graham, M. C. and Bird, D. M. and Persson, M. and Holloway, S.},
  journal = {Phys. Rev. Lett.},
  volume = {88},
  issue = {16},
  pages = {166802},
  numpages = {4},
  year = {2002},
  publisher = {American Physical Society},
  doi = {10.1103/PhysRevLett.88.166802},
  url = {http://link.aps.org/doi/10.1103/PhysRevLett.88.166802}
}
@article{trail2003,
   author = {Trail, J. R. and Bird, D. M. and Persson, M. and Holloway, S.},
   title = {Electron–hole pair creation by atoms incident on a metal surface},
   journal = {The Journal of Chemical Physics},
   year = {2003},
   volume = {119},
   number = {8} ,
   pages = {4539-4549},
   url = {http://scitation.aip.org/content/aip/journal/jcp/119/8/10.1063/1.1593631},
   doi = {http://dx.doi.org/10.1063/1.1593631}, 
}
@article{truong1989,
author = {T. N. Truong and D. G. Truhlar and B. C. Garrett},
title = {Embedded diatomics-in-molecules: a method to include delocalized electronic interactions in the treatment of covalent chemical reactions at metal surfaces},
journal = {The Journal of Physical Chemistry},
volume = {93},
number = {25},
pages = {8227--8239},
year = {1989},
doi = {10.1021/j100362a017},
}
@article{tuckerman2002,
   author = {Tuckerman, M. E.},
   title = {Ab initio molecular dynamics: basic concepts, current trends and novel applications},
   journal = {Journal of Physics-Condensed Matter},
   volume = {14},
   number = {50},
   pages = {R1297-R1355},
   year = {2002}
}
@article{tully1973,
author				=	{J. C. Tully},
title				=	{Diatomics-in-molecules potential energy surfaces. II. Nonadiabatic and spin-orbit interactions},
journal				=	{Journal of Chemical Physics},
volume				=	{59},
pages				=	{5122--5134},
year				=	{1973},
}
@INCOLLECTION{tullyboa,
AUTHOR    = {J. C. Tully}, 
Editor       = {W. H. Miller},
TITLE        = {Nonadiabatic Processes in Molecular Collisions},
BOOKTITLE    = {Dynamics of Molecular Collisions},
Pages        = {217--267},
Publisher    = {Plenum},
YEAR         = {1976}
}
@article{tully1993,
   author = {Tully, J. C. and Gomez, M. and Head-Gordon, M.},
   title = {Electronic and phonon mechanisms of vibrational relaxation: CO on Cu(100)},
   journal = {Journal of Vacuum Science \& Technology A},
   year = {1993},
   volume = {11},
   number = {4}, 
   pages = {1914-1920},
   url = {http://scitation.aip.org/content/avs/journal/jvsta/11/4/10.1116/1.578522},
   doi = {http://dx.doi.org/10.1116/1.578522}, 
}
@incollection{turnbull2012,
title = {4 - Hydrogen diffusion and trapping in metals },
editor = {Gangloff, R. P.  and Somerday, B. P. },
booktitle = {Gaseous Hydrogen Embrittlement of Materials in Energy Technologies },
publisher = {Woodhead Publishing},
edition = {},
address = {},
year = {2012},
volume = {1},
pages = {89 - 128},
series = {Woodhead Publishing Series in Metals and Surface Engineering},
isbn = {978-0-85709-536-7},
doi = {http://dx.doi.org/10.1533/9780857095374.1.89},
url = {http://www.sciencedirect.com/science/article/pii/B9780857095367500040},
author = {A. Turnbull},
}
@incollection{unertl1996,
title = {Chapter 1 - Surface Crystallography },
editor = {W.N. Unertl},
booktitle = {Physical Structure},
publisher = {North-Holland},
year = {1996},
volume = {1},
pages = {3 - 49},
series = {Handbook of Surface Science },
author = {W.N. Unertl},
}
@article{vanderbilt1990,
  title = {Soft self-consistent pseudopotentials in a generalized eigenvalue formalism},
  author = {Vanderbilt, D.},
  journal = {Phys. Rev. B},
  volume = {41},
  issue = {11},
  pages = {7892--7895},
  year = {1990},
  doi = {10.1103/PhysRevB.41.7892},
}
@article{vanhove1981,
title = {The surface reconstructions of the (100) crystal faces of iridium, platinum and gold: I. Experimental observations and possible structural models },
journal = {Surface Science },
volume = {103},
number = {1},
pages = {189 - 217},
year = {1981},
note = {},
issn = {0039-6028},
doi = {http://dx.doi.org/10.1016/0039-6028(81)90107-2},
url = {http://www.sciencedirect.com/science/article/pii/0039602881901072},
author = {M.A. Van Hove and R.J. Koestner and P.C. Stair and J.P. Bibérian and L.L. Kesmodel and I. BartoŠ and G.A. Somorjai},
}

@article{varganov2004,
   author = {Varganov, S. A. and Olson, R. M. and Gordon, M. S. and Mills, G. and Metiu, H.},
   title = {A study of the reactions of molecular hydrogen with small gold clusters},
   journal = {The Journal of Chemical Physics},
   year = {2004},
   volume = {120},
   number = {11}, 
   pages = {5169-5175},
   url = {http://scitation.aip.org/content/aip/journal/jcp/120/11/10.1063/1.1647118},
   doi = {http://dx.doi.org/10.1063/1.1647118}, 
}

@article{vasp1,
author				=	{G. Kresse and J. Furthm\"uller},
title				=	{Efficient iterative schemes for ab initio total-energy calculations using a plane-wave basis set},
journal				=	{Physical Review B},
volume				=	{54},
pages				=	{11169--11186},
year				=	{1996},
}
@article{vasp2,
author				=	{G. Kresse and J. Furthm\"uller},
title				=	{Efficiency of ab-initio total energy calculations for metals and semiconductors using a plane-wave basis set},
journal				=	{Computational Materials Science},
volume				=	{6},
pages				=	{15--50},
year				=	{1996},
}
@article{vasp3,
author				=	{G. Kresse and J. Hafner},
journal				=	{Physical Review B},
volume				=	{47},
pages				=	{558},
year				=	{1993},
title				=	{Ab initio molecular dynamics for liquid metals},
}
@article{vasp4,
author				=	{G. Kresse and J. Hafner},
journal				=	{Physical Review B},
volume				=	{49},
pages				=	{14251},
year				=	{1994},
title				=	{Ab initio molecular-dynamics simulation of the liquid-metal-amorphous-semiconductor transition in germanium},
}
@manual{vasp_manual,
title	= {VASP the GUIDE},
author	= {G. Kresse and M. Marsman and J. Furthm\"uller},
organization	= {University of Vienna},
year	= {2012},
}
@misc{vasp_online,
author	={G. Kresse and M. Marsman and J. Furthm\"uller},
title	={VASP the GUIDE},
type	={Manual},
year	={2015},
howpublished	={http://cms.mpi.univie.ac.at/vasp/vasp/vasp.html},
institution		={University of Vienna},
}
@article{vegge2000,
        author={Vegge,T. and Rasmussen,T. and Leffers,T. and Pedersen,O. B. and Jacobsen,K. W.},
        year={2000},
        title={Determination of the of rate cross slip of screw dislocations},
        journal={Physical Review Letters},
        volume={85},
        pages={3866-3869},
}
@article{vegge2001_MatSci2,
        author={Vegge,T. and Leffers,T. and Pedersen,O. B. and Jacobsen,K. W.},
        year={2001},
        title={Atomistic simulations of jog migration on extended screw dislocations},
        journal={Materials Science and Engineering A},
        volume={319-321},
        pages={119-123},
}
@article{vegge2001_MatSci1,
        author={Vegge,T.},
        year={2001},
        title={Atomistic simulations of screw dislocation cross slip in copper and nickel},
        journal={Materials Science and Engineering A},
        volume={309-310},
        pages={113-116},
}
@article{vegge2001_PhilMag,
        author={Vegge,T. and Rasmussen,T. and Leffers,T. and Pedersen,O. B. and Jacobsen,K. W.},
        year={2001},
        title={Atomistic simulations of cross-slip of jogged screw dislocations in copper},
        journal={Philosophical Magazine Letters},
        volume={81},
        pages={137-144},
}
@article{vegge2001_PRL,
        author={Vegge,T. and Sethna,J. P. and Cheong,S. -. and Jacobsen,K. W. and Myers,C. R. and Ralph,D. C.},
        year={2001},
        title={Calculation of quantum tunneling for a spatially extended defect: The dislocation kink in copper has a low effective mass},
        journal={Physical Review Letters},
        volume={86},
        pages={1546-1549},
}
@article{vegge2002,
        author={Vegge,T. and Jacobsen,K. W.},
        year={2002},
        title={Atomistic simulations of dislocation processes in copper},
        journal={Journal of Physics Condensed Matter},
        volume={14},
        pages={2929-2956},
}
@article{verlet1967,
        author={Verlet,L.},
        year={1967},
        title={Computer ``Experiments'' on Classical Fluids. I. Thermodynamical Properties of Lennard-Jones Molecules},
        journal={Physical Review},
        volume={159},
        pages={98--103},
}
@article{verlet1968,
        author={Verlet,L.},
        year={1968},
        title={Computer ``Experiments'' on Classical Fluids. II. Equilibrium Correlation Functions},
        journal={Physical Review},
        volume={165},
        pages={201--214},
}
@article{vincent2005,
   author = {Vincent, J. K. and Olsen, R. A. and Kroes, G.-J. and Luppi, M. and Baerends, E.-J.},
   title = {Six-dimensional quantum dynamics of dissociative chemisorption of H2 on Ru(0001)},
   journal = {The Journal of Chemical Physics},
   year = {2005},
   volume = {122},
   number = {4}, 
   eid = {044701},
}
@article{volpilhac2003,
title = {Scattering of atomic nitrogen on W(1 0 0)},
journal = {Surface Science },
volume = {544},
number = {2–3},
pages = {329 -- 338},
year = {2003},
doi = {http://dx.doi.org/10.1016/j.susc.2003.09.011},
author = {G. Volpilhac and H.F. Busnengo and W. Dong and A. Salin},
}
@article{wahnstrom1989,
title = {Role of phonons and electron—hole pairs in hydrogen diffusion on a corrugated metal surface },
journal = {Chemical Physics Letters },
volume = {163},
number = {4–5},
pages = {401 - 406},
year = {1989},
issn = {0009-2614},
doi = {http://dx.doi.org/10.1016/0009-2614(89)85157-7},
author = {G. Wahnström},
}
@article{wang2007,
        author={Wang, Y. and Hush, N. S. and Reimers, J. R.},
        year={2007},
        title={Simulation of the Au(111)-($22\times\sqrt{3}$) surface reconstruction},
        journal={Physical Review B},
        volume={75},
        pages={233416},
}
@article{white2005,
Author = {White, J. D. and Chen, J and Matsiev, D and Auerbach, D. J. and Wodtke, A. M.},
Title = {Conversion of large-amplitude vibration to electron excitation at a metal surface},
Journal = {Nature},
Year = {2005},
Volume = {433},
Number = {7025},
Pages = {503-505},
DOI = {10.1038/nature03213},
ISSN = {0028-0836},
ResearcherID-Numbers = {Wodtke, Alec/I-4848-2012},
Unique-ID = {ISI:000226727200043},
}
@article{wigner1935,
        author={E. Wigner and H. B. Huntington},
        year={1935},
        title={On the Possibility of a Metallic Modification of Hydrogen},
        journal={J. Chem. Phys},
        volume={3},
        pages={764},
}
@article{wilde2001,
title = {Depth-resolved analysis of subsurface hydrogen absorbed by Pd(1 0 0) },
journal = {Surface Science },
volume = {482–485, Part 1},
number = {},
pages = {346 - 352},
year = {2001},
note = {},
issn = {0039-6028},
doi = {http://dx.doi.org/10.1016/S0039-6028(01)00727-0},
url = {http://www.sciencedirect.com/science/article/pii/S0039602801007270},
author = {M. Wilde and M. Matsumoto and K. Fukutani and T. Aruga},
}

@article{winter2003,
  title = {Energy loss of slow ions in a nonuniform electron gas},
  author = {Winter, H. and Juaristi, J. I. and Nagy, I. and Arnau, A. and Echenique, P. M.},
  journal = {Phys. Rev. B},
  volume = {67},
  issue = {24},
  pages = {245401},
  numpages = {6},
  year = {2003},
  publisher = {American Physical Society},
  doi = {10.1103/PhysRevB.67.245401},
  url = {http://link.aps.org/doi/10.1103/PhysRevB.67.245401}
}
@Inbook{wipf1997,
author={Wipf, H.},
editor={Wipf, H.},
chapter={Diffusion of hydrogen in metals},
title={Hydrogen in Metals III: Properties and Applications},
year={1997},
publisher={Springer Berlin Heidelberg},
address={Berlin, Heidelberg},
pages={51--91},
isbn={978-3-540-69988-0},
doi={10.1007/BFb0103401},
url={http://dx.doi.org/10.1007/BFb0103401},
}
@article{woll1989,
  title = {Determination of atom positions at stacking-fault dislocations on Au(111) by scanning tunneling microscopy},
  author = {W\"oll, Ch. and Chiang, S. and Wilson, R. J. and Lippel, P. H.},
  journal = {Phys. Rev. B},
  volume = {39},
  issue = {11},
  pages = {7988--7991},
  numpages = {0},
  year = {1989},
  publisher = {American Physical Society},
  doi = {10.1103/PhysRevB.39.7988},
  url = {http://link.aps.org/doi/10.1103/PhysRevB.39.7988},
}
@article{wodtke2004,
Author = {Wodtke, A. M. and Tully, J. C. and Auerbach, D. J.},
Title = {Electronically non-adiabatic interactions of molecules at metal surfaces: can we trust the Born-Oppenheimer approximation for surface chemistry?},
Journal = {International Reviews in Physical Chemistry},
Year = {2004},
Volume = {23},
Number = {4},
Pages = {513--539},
}
@article{zhang1998,
  title = {Comment on ``Generalized Gradient Approximation Made Simple''},
  author = {Zhang, Y. and Yang, W.},
  journal = {Phys. Rev. Lett.},
  volume = {80},
  issue = {4},
  pages = {890--890},
  numpages = {0},
  year = {1998},
  publisher = {American Physical Society},
  doi = {10.1103/PhysRevLett.80.890},
  url = {http://link.aps.org/doi/10.1103/PhysRevLett.80.890},
}

@book{zwanziger2001,
    author = {R. Zwanziger},
    publisher = {Oxford University Press},
    title = {Nonequilibrium Statistical Mechanics},
    year = {2001}
}
@misc{si,
  note      = {for more detail see online Supplementary Information}
}
@mastersthesis{lennardbt,
author  = {L. B\"oselt},
Title   = {Constructing Potential Energy Surfaces for H at Au(111) with various DFT functionals},
year    = {2015},
type	= {Bachelor' Thesis},
school  = {Georg-August University G\"ottingen},
address = {Germany}
}
@mastersthesis{smjmaster,
author  = {S. M. Janke},
Title   = {Development of a Potential Energy Surface for Hydrogen Atoms on a Gold(111) Surface},
year    = {2012},
school  = {Georg-August University G\"ottingen},
address = {Germany}
}
@mastersthesis{marvinmaster,
author  = {M. Kammler},
Title   = {Development of a potential energy surface for hydrogen atoms on a palladium(111) surface},
year    = {2015},
school  = {Georg-August University G\"ottingen},
address = {Germany}
}
@misc{marvinpc,
author	={M. Kammler},
note	={Private Communications},
year	={2016},
institution		={Max-Planck-Institute for Biophysical Chemistry},
}
@phdthesis{svenjaphd,
author  = {S. M. Janke},
Title   = {Theoretical Description of Hydrogen Atom Scattering off Noble Metals},
year    = {2016},
school  = {Georg-August University G\"ottingen},
address = {Germany}
}