@PREAMBLE{
 "\providecommand{\noopsort}[1]{}" 
 # "\providecommand{\singleletter}[1]{#1}%" 
}

@article{bahn01,
        author={Bahn,S. R. and Jacobsen,K. W.},
        year={2001},
        title={Chain formation of metal atoms},
        journal={Physical Review Letters},
        volume={87},
        number={26},
        pages={2661011-2661014},
}
@article{bailey04,
author				=	{Nicholas P. Bailey and Jakob Schiotz and Karsten W. Jacobsen},
title				=   {Simulation of Cu-Mg metallic glass: Thermodynamics and structure},
journal				=	{Physical Review B},
volume				=	{69},
pages				=	{144205},
year				=	{2004},
}
@article{bailey06,
        author={Bailey,N. P. and Schiøtz,J. and Jacobsen,K. W.},
        year={2006},
        title={Atomistic simulation study of the shear-band deformation mechanism in Mg-Cu metallic glasses},
        journal={Physical Review B - Condensed Matter and Materials Physics},
        volume={73},
        number={6},
}
@article{blanco14,
author				=	{M. Blanco-Rey and J. I. Juaristi and R. Diez Muino and H. F. Busnengo and G. J. Kroes and M. Alducin},
title				=   {Electronic Friction Dominates Hydrogen Hot-Atom Relaxation on Pd(100)},
journal				=	{Physical Review Letters},
volume				=	{112},
pages				=	{103203},
year				=	{2014},
}
@article{bollinger01,
  title = {Mechanical Properties and Formation Mechanisms of a Wire of Single Gold Atoms},
  author = {Rubio-Bollinger, G. and Bahn, S. R. and Agra\"\it, N. and Jacobsen, K. W. and Vieira, S.},
  journal = {Phys. Rev. Lett.},
  volume = {87},
  pages = {026101},
  year = {2001},
}
@article{bo1927,
author				=	{M. Born and R. Oppenheimer},
title				=   { Zur Quantentheorie der Molekeln},
journal				=	{Annalen der Physik},
volume				=	{389},
pages				=	{457--484},
year				=	{1927},
}
@article{brandbyge97,
        author={Brandbyge,M. and Sørensen,M. R. and Jacobsen,K. W.},
        year={1997},
        title={Conductance eigenchannels in nanocontacts},
        journal={Physical Review B - Condensed Matter and Materials Physics},
        volume={56},
        number={23},
        pages={14956--14959},
}
@article{brodersen11,
        author={Brodersen,S. H. and Grønbjerg,U. and Hvolbæk,B. and Schiøtz,J.},
        year={2011},
        title={Understanding the catalytic activity of gold nanoparticles through multi-scale simulations},
        journal={Journal of Catalysis},
        volume={284},
        pages={34-41},
}
@article{busnengo00,
        author={Busnengo, H. F. and Salin, A. and Dong, W.},
        year={2000},
        title={Representation of the 6D potential energy surface for a diatomic molecule near a solid surface},
        journal={Journal of Chemical Physics},
        volume={112},
        pages={7641--7651},
}
@article{christiansen02,
        author={Christiansen,J. and Morgenstern,K. and Schiøtz,J. and Jacobsen,K. W. and Braun,K. -. and Rieder,K. -. and Lægsgaard,E. and Besenbacher,F.},
        year={2002},
        title={Atomic-scale structure of dislocations revealed by scanning tunneling microscopy and molecular dynamics},
        journal={Physical Review Letters},
        volume={88},
        pages={2061061--2061064},
}
@article{crespos03,
        author={Crepos,C. and Collins, M. A. and Pijper, E. and Kroes, G. J.},
        year={2003},
        title={Multi-dimensional potential energy surface determination by modified Shepard interpolation for a molecule-surface reaction: H2 + Pt(111)},
        journal={Chemical Physics Letters},
        volume={376},
        pages={566--575},
}
@article{crespos04,
        author={Crepos,C. and Collins, M. A. and Pijper, E. and Kroes, G. J.},
        year={2004},
        title={Application of the modified Shepard interpolation method to the determination of the potential energy surface for a molecule-surface reaction: H2+Pt(111)},
        journal={Journal of Chemical Physics},
        volume={120},
        pages={2392--2404},
}
@article{daw93,
author				=	{Daw,M. S. and Foiles,S. M. and Baskes,M. I.},
title				=	{The embedded-atom method: a review of theory and applications},
journal				=	{Material Science Reports},
volume				=	{9},
pages				=	{251--310},
year				=	{1993},
}
@article{diaz09,
author				=	{C. Díaz and E. Pijper and R. A. Olsen and H. F. Busnengo and D. J. Auerbach and G. J. Kroes},
title				=	{Chemically Accurate Simulation of a Prototyplical Surface Reaction: H(2) Dissociation on Cu(111)},
journal				=	{Science},
volume				=	{326},
pages				=	{832--834},
year				=	{2009},
}
@article{diaz10,
author				=	{C. Díaz and R. A. Olsen and H. F. Busnengo and G. J. Kroes},
title				=	{Dynamics on Six-Dimensional Potential Energy Surfaces for H2/Cu(111): Corrugation Reducing Procedure versus Modified Shepard Interpolation Method and PW91 versus RPBE},
journal				=	{Journal of Physical Chemistry C},
volume				=	{114},
pages				=	{11192--11201},
year				=	{2010},
}
@article{engbaek06,
author				=	{Jacob Engbaek and Jacob Schiøtz and Bjarke Dahl-Madsen and Sebastian Horch},
title				=   {Atomic structure of screw dislocations intersecting the Au(111) surface: A combined scanning tunnelling microscopy and molecular dynamics study},
journal				=	{Physical Review B},
volume				=	{74},
pages				=	{195434},
year				=	{2006},
}
@ARTICLE{emt87,
   author       = {K. W. Jacobsen and J. K. Nørskov and M. J. Puska},
   title		= {Interactomic interaction in the effective-medium theory},
   year         = {1987},
   journal      = {Physical Review B},
   volume       = {35},
   pages        = {7423--7442},
}

@ARTICLE{emt80,
   author       = {J. K. Nørskov and N. D. Lang},
   title        = {Effective Meidum Theory of Chemical-Binding -- Application to Chemisorption},
   year         = {1980},
   journal      = {Physical Review B},
   volume       = {21},
   pages        = {2131--2136},
}
@ARTICLE{emt82,
   author       = {J. K. Nørskov},
   title		= {Covalent effects in the effective-medium theory of chemical binding -- hydrogen heats of solution in 3D-metals},
   year         = {1982},
   journal      = {Physical Review B},
   volume       = {26},
   pages        = {2875--2885},
}
@ARTICLE{eyring31,
   author       = {H. Eyring and M. Polanyi},
   title		= {\" Uber einfache Gasreaktionen},
   year         = {1931},
   journal      = {Zeitschrift f\" ur Physikalische Chemie},
   volume       = {12},
   pages        = {279--311},
}
@ARTICLE{eyring13,
   author       = {H. Eyring and M. Polanyi},
   title		= {On simple gas reactions},
   year         = {2013},
   journal      = {Zeitschrift f\" ur Physikalische Chemie},
   volume       = {227},
   pages        = {1221--1246},
}
@article{frenken99,
        author={Frenken,J. W. M. and Stoltze,P.},
        year={1999},
        title={Are vicinal metal surfaces stable?},
        journal={Physical Review Letters},
        volume={82},
        pages={3500-3503},
}
@article{frankcombe12,
        author={Frankcombe,T, J. and Collins, M. A. and Zhang, D. H.},
        year={2012},
        title={Modified Shepard interpolation of gas-surface potential energy surfaces with strict plane group symmetry and translational periodicity},
        journal={Journal of Chemical Physics},
        volume={137},
        pages={144701},
}
@article{galanis13,
        author={Galanis,N. V. and Remediakis,I. N. and Kopidakis,G.},
        year={2013},
        title={Structure and mechanical properties of ultra-nanocrystalline diamond and nanocrystalline Cu from atomistic simulations},
        journal={Mechanics of Materials},
        volume={67},
        pages={79-85},
}
@article{golding67,
        author={Goldin,B. and Moss,S. C. and Averbach,B. L.},
        year={1967},
        title={Composition and Pressure Dependence of the Elastic Constants of Gold-Nickel Alloys},
        journal={Physical Review},
        volume={158},
        pages={637--646},
}
@article{hoss92,
        author={Hoss,A. and Romahn,U. and Nold,M. and Blanckenhagen,P. v. and Meyer,O.},
        year={1992},
        title={Experimental Observation of Blocked Melting on the Au(111) Surface},
        journal={Europhysics Letters},
        volume={20},
        pages={125--130},
}
@article{hildenbrand62,
        author={Hildenbrand,D. L. and Hall,W. F.},
        year={1962},
        title={The vapour pressure and heat of sublimation of gold},
        journal={Journal of Physical Chemistry},
        volume={66},
        pages={754--755},
}
@article{jjacobsen98,
        author={Jacobsen,J. and Cooper,B. H. and Sethna,J. P.},
        year={1998},
        title={Simulations of energetic beam deposition: From picoseconds to seconds},
        journal={Physical Review B - Condensed Matter and Materials Physics},
        volume={58},
        number={23},
        pages={15847-15865},
}
@ARTICLE{jacobsen96,
   author       = {K. W. Jacobsen and P. Stoltze and J. K. Norskov},
   title		= {A semi-empirical effective medium theory for metals and alloys},
   year         = {1996},
   journal      = {Surface Science},
   volume       = {366},
   pages        = {394--402},
}
@ARTICLE{janke13,
   author       = {S. M. Janke and M. Pavanello and G.-J. Kroes and D. J. Auerbach and A. M. Wodtke and A. Kandratsenka},
   title		= {Toward Detection of Electron-Hole Pair Excitation in H-atom Collisions with Au(111): Adiabatic Molecular Dynamics with a Semi-empirical Full-Dimensional Potential Energy Surface},
   year         = {2013},
   journal      = {Zeitschrift für Physikalische Chemie},
   volume       = {227},
   pages        = {1467--1490},
}
@ARTICLE{kant79,
   author       = {Kant,A. and Moon, K. A.},
   title		= {Dissociation-energies of gaseous CuH, AgH, AuH, and NiH},
   year         = {1979},
   journal      = {High Temperature Science},
   volume       = {11},
   pages        = {55--62},
}
@article{khomkin13,
year={2013},
journal={Plasma Physics Reports},
volume={39},
number={10},
title={Phase transition into the metallic state in hypothetical (without molecules) dense atomic hydrogen},
author={Khomkin, A.L. and Shumikhin, A.S.},
pages={857-862},
}
@book{kittle, 
title={Introduction to Solid State Physics},
author={Charles Kittle},
edition={8},
year={2010},
publisher={Wiley \& Sons, Inc.},
}
@ARTICLE{kroes2014,
   author       = {G.-J. Kroes and M. Pavanello and Maria Blanco-Rey and Maite Alducin and Daniel J. Auerbach},
   title		= {Ab initio molecular dynamics calculations on scattering of hyperthermal H atoms from Cu(111) and Au(111)},
   year         = {2014},
   journal      = {Journal of Chemical Physics},
   volume       = {141},
   pages        = {054705},
}
@article{langmuir12,
  title = {The Dissociation of Hydrogen into Atoms},
  author = {Langmuir, I.},
  journal = {Journal of the American Chemical Society},
  volume = {34},
  pages = {860--877},
  year = {1912},
}
@article{li_wahnstrom92,
  title = {Molecular-dynamics simulation of hydrogen diffusion in palladium},
  author = {Li, Yinggang and Wahnstr\"om, G\"oran},
  journal = {Physical Review B},
  volume = {46},
  pages = {14528--14542},
  year = {1992},
}
@article{lorenz04,
  title = {Representing high-dimensional potential-energy surfaces for reactions at surfaces by neural networks},
  author = {Lorenz, S. and Groß, A. and Scheffler, M.},
  journal = {Chemical Physics Letters},
  volume = {395},
  pages = {210--215},
  year = {2004},
}
@article{lorenz06,
  title = {Descriptions of surface chemical reactions using a neural network representation of the potential-energy surface},
  author = {Lorenz, S. and Groß, A. and Scheffler, M.},
  journal = {Physical Review B},
  volume = {73},
  pages = {115431},
  year = {2006},
}
@article{mccreery75,
        author={McCreery,J. H. and Wolken,G. Jr.},
        year={1975},
        title={A model potential for chemisorption: H2+W(001)},
        journal={Journal of Chemical Physics},
        volume={63},
        pages={2340--2349},
}
@article{meier04,
        author={Meier,J. and Schiøtz,J. and Liu,P. and Nørskov,J. K. and Stimming,U.},
        year={2004},
        title={Nano-scale effects in electrochemistry},
        journal={Chemical Physics Letters},
        volume={390},
        number={4-6},
        pages={440-444},
}
@article{molenbroek01,
author = {Molenbroek, Alfons M. and Nørskov, Jens K. and Clausen, Bjerne S.},
title = {Structure and Reactivity of Ni−Au Nanoparticle Catalysts},
journal = {The Journal of Physical Chemistry B},
volume = {105},
number = {23},
pages = {5450-5458},
year = {2001},
}
@article{morgenstern01,
        author={Morgenstern,K. and Rosenfeld,G. and Comsa,G. and Sørensen,M. R. and Hammer,B. and Lægsgaard,E. and Besenbacher,F.},
        year={2001},
        title={Kinetics of fast island decay on Ag(111)},
        journal={Physical Review B - Condensed Matter and Materials Physics},
        volume={63},
        number={4},
        pages={454121-454125},
}
@article{paduraru07,
author				=	{Anca Paduraru and Abder Kenoufi and Nicholas P. Bailey and Jacob Schiotz},
journal				=	{Advanced Engineering Materials},
volume				=	9,
pages				=	{505},
year				=	2007,
}
@article{pauly11,
        author={Pauly,F. and Viljas,J. K. and Bürkle,M. and Dreher,M. and Nielaba,P. and Cuevas,J. C.},
        year={2011},
        title={Molecular dynamics study of the thermopower of Ag, Au, and Pt nanocontacts},
        journal={Physical Review B - Condensed Matter and Materials Physics},
        volume={84},
        number={19},
}
@article{pauly06,
        author={Pauly,F. and Dreher,M. and Viljas,J. K. and Häfner,M. and Cuevas,J. C. and Nielaba,P.},
        year={2006},
        title={Theoretical analysis of the conductance histograms and structural properties of Ag, Pt, and Ni nanocontacts},
        journal={Physical Review B - Condensed Matter and Materials Physics},
        volume={74},
        number={23},
}
@article{pavanello13,
        author={Pavanello, M. and Auerback,D. A. and Wodtke,A. M. and Blanco-Rey, M. and Alducin,M. and Kroes,G.-J-},
        year={2013},
        title={Adiabatic Energy Loss in Hyperthermal H Atom Collision with Cu and Au: A Basis for Testing the Importance of Nonadiabatic Energy Loss},
        journal={Journal of Physical Chemistry Letters},
        volume={4},
        pages={3735--3740},
}
@article{pedersen09_2,
        author={Pedersen,A. and Jónsson,H.},
        year={2009},
        title={Simulations of hydrogen diffusion at grain boundaries in aluminum},
        journal={Acta Materialia},
        volume={57},
        number={14},
        pages={4036-4045},
}
@article{pedersen09_1,
        author={Pedersen,A. and Henkelman,G. and Schiøtz,J. and Jónsson,H.},
        year={2009},
        title={Long time scale simulation of a grain boundary in copper},
        journal={New Journal of Physics},
        volume={11},
}
@article{perdew86,
author				=	{J. P. Perdew and Y. Wang},
title				=	{Accurate and simple density dunctional for the electronic exchange energy: Generalized gradient approximation},
journal				=	{Physical Review B},
volume				=	33,
pages				=	{8800--8802},
year				=	1986,
}
@ARTICLE{preston90,
   author       = {Preston-Thomas,H},
   title		= {The international temperature scale of 1990 (its-90)},
   year         = {1990},
   journal      = {Metrologia},
   volume       = {27},
   pages        = {3--10},
}
@article{rasmussen00,
author				=	{Torben Rasmussen},
title				=	{Simulation of misfit dislocation loops at the Ag/Cu(111) interface},
journal				=	{Physical Review B},
volume				=	{62},
pages				=	{12664},
year				=	{2000},
}
@article{rasmussen97,
        author={Rasmussen,T. and Jacobsen,K. W. and Leffers,T. and Pedersen,O. B. and Srinivasan,S. G. and Jónsson,H.},
        year={1997},
        title={Atomistic determination of cross-slip pathway and energetics},
        journal={Physical Review Letters},
        volume={79},
        pages={3676--3679},
}
@article{sachs30,
        author={Sachs,G. and Weets,J.},
        year={1930},
        title={Die Gitterkonstanten der Gold-Silberlegierungen},
        journal={Zeitschrift für Physikalische Chemie},
        volume={60},
        pages={481--490},
}
@article{sato07,
        author={Sato,K. and Yoshiie,T. and Xu,Q.},
        year={2007},
        title={One dimensional motion of interstitial clusters in Ni-Au alloy},
        journal={Journal of Nuclear Materials},
        volume={367--370 A},
        pages={382--385},
}
@article{sato07b,
        author={Sato,K. and Yoshiie,T. and Ishizaki,T. and Xu,Q.},
        year={2007},
        title={Behavior of vacancies near edge dislocations in Ni and α-Fe: Positron annihilation experiments and rate theory calculations},
        journal={Physical Review B - Condensed Matter and Materials Physics},
        volume={75},
}
@article{sato04,
        author={Sato,K. and Yoshiie,T. and Satoh,Y. and Xu,Q.},
        year={2004},
        title={Computer simulation of formation energy and migration energy of vacancies under high strain in Cu},
        journal={Materials Transactions},
        volume={45},
        pages={833--838},
}
@article{schiotz03,
        author={Schiøtz,J. and Jacobsen,K. W.},
        year={2003},
        title={A maximum in the strength of nanocrystalline copper},
        journal={Science},
        volume={301},
        pages={1357--1359},
}
@article{schiotz04,
        author={Schiøtz,J.},
        year={2004},
        title={Strain-induced coarsening in nanocrystalline metals under cyclic deformation},
        journal={Materials Science and Engineering A},
        volume={375--377},
        pages={975--979},
}

@article{schiotz02,
        author={Schiøtz,J. and Leffers,T. and Singh,B. N.},
        year={2002},
        title={Modeling of dislocation generation and interaction during high-speed deformation of metals},
        journal={Radiation Effects and Defects in Solids},
        volume={157},
        pages={193--200},
}
@article{schiotz01,
        author={Schiøtz,J. and Leffers,T. and Singh,B. N.},
        year={2001},
        title={Dislocation nucleation and vacancy formation during high-speed deformation of fcc metals},
        journal={Philosophical Magazine Letters},
        volume={81},
        pages={301--309},
}
@article{schiotz00,
        author={Schiøtz,J. and Carlsson,A. E.},
        year={2000},
        title={The influence of surface stress on dislocation emission from sharp and blunt cracks in fcc metals},
        journal={Philosophical Magazine A: Physics of Condensed Matter, Structure, Defects and Mechanical Properties},
        volume={80},
        pages={69--82},
}
@article{schiotz99,
        author={Schiøtz,J. and Vegge,T. and Di Tolla,F. D. and Jacobsen,K. W.},
        year={1999},
        title={Atomic-scale simulations of the mechanical deformation of nanocrystalline metals},
        journal={Physical Review B - Condensed Matter and Materials Physics},
        volume={60},
        pages={11971--11983},
}
@article{schiotz98,
        author={Schiøtz,J. and Di Tolla,F. D. and Jacobsen,K. W.},
        year={1998},
        title={Softening of nanocrystalline metals at very small grain sizes},
        journal={Nature},
        volume={391},
        pages={561--563},
}
@article{shen14,
        author={Shen, X. J. and Lozano, A. and Dong, W. and Busnengo, H. F. and Yan, X. H.},
        year={2014},
        title={Towards Bond Selective Chemistry from First Principles: Methane on Metal Surfaces},
        journal={Physical Review Letters},
        volume={112},
        pages={046101},
}
@article{shimokawa04,
        author={Shimokawa,T. and Mortensen,J. J. and Schiøtz,J. and Jacobsen,K. W.},
        year={2004},
        title={Matching conditions in the quasicontinuum method: Removal of the error introduced at the interface between the coarse-grained and fully atomistic region},
        journal={Physical Review B - Condensed Matter and Materials Physics},
        volume={69},
        pages={214104-1--214104-10},
}
@article{somorjai10,
        author={Somorjai,G. A. and Li,Y.},
        year={2010},
        title={Major successes of theory-and-experiment-combined studies in surface chemistry and heterogeneous catalysis},
        journal={Topics in Catalysis},
        volume={53},
        pages={311-325},
}
@article{sorensen10,
        author={Sørensen,M. R. and Brandbyge,M. and Jacobsen,K. W.},
        year={1998},
        title={Mechanical deformation of atomic-scale metallic contacts: Structure and mechanisms},
        journal={Physical Review B - Condensed Matter and Materials Physics},
        volume={57},
        pages={3283-3294},
}
@ARTICLE{strom98,
   author       = {J. Strömquist and L. Bengtsson and M. Persson and B. Hammer},
   title		= {The dynamics of H absorption and adsorption in Cu(111)},
   year         = {1998},
   journal      = {Surface Science},
   volume       = {397},
   pages        = {382--394},
}
@article{sun07,
        author={Sun,Y. and Zhuang,L. and Lu,J. and Hong,X. and Liu,P.},
        year={2007},
        title={Collapse in crystalline structure and decline in catalytic activity of Pt nanoparticles on reducing particle size to 1 nm},
        journal={Journal of the American Chemical Society},
        volume={129},
        pages={15465-15467},
}
@article{vasp1,
author				=	{G. Kresse and J. Furthmüller},
title				=	{Efficient iterative schemes for ab initio total-energy calculations using a plane-wave basis set},
journal				=	{Physical Review B},
volume				=	{54},
pages				=	{11169--11186},
year				=	{1996},
}
@article{vasp2,
author				=	{G. Kresse and J. Furthmüller},
title				=	{Efficiency of ab-initio total energy calculations for metals and semiconductors using a plane-wave basis set},
journal				=	{Computational Materials Science},
volume				=	{6},
pages				=	{15--50},
year				=	{1996},
}
@article{vasp3,
author				=	{G. Kresse and J. Hafner},
journal				=	{Physical Review B},
volume				=	{47},
pages				=	{558},
year				=	{1993},
}
@article{vasp4,
author				=	{G. Kresse and J. Hafner},
journal				=	{Physical Review B},
volume				=	{49},
pages				=	{14251},
year				=	{1994},
}
@article{vegge02,
        author={Vegge,T. and Jacobsen,K. W.},
        year={2002},
        title={Atomistic simulations of dislocation processes in copper},
        journal={Journal of Physics Condensed Matter},
        volume={14},
        pages={2929-2956},
}
@article{vegge01_MatSci2,
        author={Vegge,T. and Leffers,T. and Pedersen,O. B. and Jacobsen,K. W.},
        year={2001},
        title={Atomistic simulations of jog migration on extended screw dislocations},
        journal={Materials Science and Engineering A},
        volume={319-321},
        pages={119-123},
}

@article{vegge01_MatSci1,
        author={Vegge,T.},
        year={2001},
        title={Atomistic simulations of screw dislocation cross slip in copper and nickel},
        journal={Materials Science and Engineering A},
        volume={309-310},
        pages={113-116},
}

@article{vegge01_PhilMag,
        author={Vegge,T. and Rasmussen,T. and Leffers,T. and Pedersen,O. B. and Jacobsen,K. W.},
        year={2001},
        title={Atomistic simulations of cross-slip of jogged screw dislocations in copper},
        journal={Philosophical Magazine Letters},
        volume={81},
        pages={137-144},
}

@article{vegge01_PRL,
        author={Vegge,T. and Sethna,J. P. and Cheong,S. -. and Jacobsen,K. W. and Myers,C. R. and Ralph,D. C.},
        year={2001},
        title={Calculation of quantum tunneling for a spatially extended defect: The dislocation kink in copper has a low effective mass},
        journal={Physical Review Letters},
        volume={86},
        pages={1546-1549},
}

@article{vegge00,
        author={Vegge,T. and Rasmussen,T. and Leffers,T. and Pedersen,O. B. and Jacobsen,K. W.},
        year={2000},
        title={Determination of the of rate cross slip of screw dislocations},
        journal={Physical Review Letters},
        volume={85},
        pages={3866-3869},
}
@article{verlet67,
        author={Verlet,L.},
        year={1967},
        title={Computer ``Experiments'' on Classical Fluids. I. Thermodynamical Properties of Lennard-Jones Molecules},
        journal={Physical Review},
        volume={159},
        pages={98--103},
}
@article{verlet68,
        author={Verlet,L.},
        year={1968},
        title={Computer ``Experiments'' on Classical Fluids. II. Equilibrium Correlation Functions},
        journal={Physical Review},
        volume={165},
        pages={201--214},
}
@article{wigner35,
        author={E. Wigner and H. B. Huntington},
        year={1935},
        title={On the Possibility of a Metallic Modification of Hydrogen},
        journal={J. Chem. Phys},
        volume={3},
        pages={764},
}